3098 4922
754 277 959 345 ‚12-

271 458 496 543 superborum‘
518 462 573 541 (ex
594 458 668 524 Luc.
683 460 711 540 1,
725 459 782 527 52:
806 461 970 542 „deposuit
983 465 1128 542 potentes
1148 458 1188 523 de
1207 458 1279 522 sedc
1300 464 1329 523 et
1350 456 1448 523 cocal-

272 560 352 623 tuoit
381 558 564 641 666661),
595 559 742 641 idemque
777 559 815 623 V.
838 559 875 623 V.
897 560 937 626 15
967 580 1007 625 ex
1041 559 1152 625 eodem
1184 577 1244 624 scr.
1273 577 1333 622 scr.
1363 558 1447 622 loco

273 660 445 742 „extollens
465 659 597 726 humiles
614 667 644 726 et
656 661 832 744 deprimens
844 660 969 725 elutos‘.
1003 660 1063 726 Mc.
1077 659 1130 742 IV,
1145 661 1195 725 11.
1209 656 1250 726 33
1267 656 1446 722 lohannes

273 758 413 841 baptista
447 779 487 823 ex
516 760 660 840 16640,
688 760 708 826 3
740 759 849 842 („Von
882 760 1048 825 clamantis
1072 762 1108 824 in
1135 759 1272 823 deserto:
1314 757 1446 825 Parate

273 861 356 923 mom
372 859 526 944 domini‘)
550 859 761 941 „vociferator
773 863 808 924 in
824 861 1023 924 solitudinem
1038 867 1067 924 et
1081 864 1298 943 praeparator
1309 860 1445 924 riarum

272 958 516 1024 dominicarum‘
538 960 727 1043 appellatur,
749 958 896 1041 idemque
919 959 978 1024 Mc.
996 958 1052 1040 lv,
1074 959 1115 1025 33
1138 965 1170 1024 et
1190 959 1282 1042 Bapt.
1304 958 1326 1024 6
1348 960 1444 1040 „clu-

271 1078 361 1123 mans
381 1062 417 1124 in
438 1061 557 1125 deserto
580 1067 609 1125 et
624 1080 827 1144 praeparans
838 1062 907 1125 aius
928 1060 1065 1124 domini‘
1078 1067 1136 1123 etc.
1171 1059 1241 1137 Quo
1263 1059 1295 1122 in
1318 1078 1381 1124 usn
1406 1064 1443 1124 nt

271 1158 317 1222 ita
332 1158 436 1225 dicam
459 1160 651 1244 participiali
674 1180 730 1226 eas
752 1180 847 1225 voces
870 1160 965 1225 etiam
988 1158 1121 1242 perfecti
1142 1158 1294 1243 temporis
1307 1164 1441 1224 actores

271 1258 405 1323 alicuius
428 1259 473 1323 rei
495 1258 676 1343 significare
689 1259 807 1325 dudum
821 1280 841 1323 6
853 1260 929 1325 viris
944 1258 1046 1324 doctis
1061 1259 1239 1343 expositum
1252 1266 1310 1342 est,
1333 1277 1439 1341 quare

271 1377 375 1441 pauca
396 1357 489 1423 buius
510 1359 637 1443 generis
659 1361 807 1443 exempla
828 1359 890 1424 buc
911 1358 1083 1424 afferantur
1105 1364 1202 1439 6166,
1225 1359 1439 1444 661666666-

271 1458 335 1522 tica
356 1457 494 1539 quadam
522 1458 659 1526 dictione
686 1462 738 1525 vel
765 1460 913 1524 inanimis
945 1460 1040 1524 rebus
1071 1458 1213 1524 actiones
1243 1458 1439 1525 addicuntur

270 1558 393 1641 peracti
414 1559 580 1641 temporis:
613 1559 647 1624 6.
670 1559 705 1624 F.
726 1560 760 1641 I,
783 1561 803 1627 3
825 1559 976 1624 diluvium
1004 1559 1084 1624 illud
1104 1559 1176 1624 Noe·
1205 1562 1437 1645 „cataclysmus
1469 1566 1475 1573 '

270 1657 340 1723 Not
359 1661 496 1723 omnium
517 1679 624 1723 rerum
645 1658 799 1724 abolitor‘
821 1659 935 1724 dicitnr
959 1658 1082 1741 (=qui
1104 1659 1273 1742 abolevit);
1296 1666 1328 1724 et
1344 1660 1433 1727 061

271 1759 473 1842 evangelium
495 1766 689 1844 „expunctor
712 1762 772 1839 (=
785 1760 870 1841 quod
892 1759 1045 1843 expunxit
1061 1760 1080 1825 i.
1098 1780 1124 1824 e.
1143 1759 1288 1842 implevit
1309 1768 1340 1825 et
1357 1781 1435 1827 con·

271 1859 458 1943 summavit)
482 1862 576 1924 totius
601 1866 686 1923 retro
706 1861 886 1924 uetustatis‘
912 1861 1100 1942 appellatur.
1143 1859 1216 1923 Non
1245 1861 1347 1925 solum
1378 1881 1433 1927 au·

270 1965 333 2024 tem
357 1957 478 2043 peracti
499 1958 556 2024 sed
579 1959 674 2023 etiam
691 1959 790 2039 laturi
813 1961 965 2042 temporis
984 1958 1247 2042 significationem
1270 1962 1377 2026 inesse
1399 1960 1433 2026 in

269 2059 320 2123 his
341 2059 524 2124 verbalibus
545 2077 614 2123 voc.
638 2058 722 2142 apud
744 2058 830 2123 Tert.
854 2059 886 2122 hi
908 2059 1023 2123 docent
1044 2058 1121 2124 loci:
1146 2059 1205 2125 Mc.
1221 2061 1259 2137 V,
1281 2062 1320 2129 16
1343 2063 1432 2129 Deus

272 2158 462 2239 „retributor
481 2160 641 2243 utriusque
660 2161 782 2223 meriti‘
797 2159 851 2241 (ε
867 2159 919 2240 qui
942 2159 1102 2241 retribuet,
1125 2179 1165 2223 ex
1186 2160 1331 2228 2Thess.
1347 2165 1377 2243 1,
1394 2163 1431 2246 6)
1527 2204 1528 2213 κ

270 2266 302 2323 61
329 2264 517 2338 „cremator“
557 2262 615 2341 (z
643 2259 696 2341 qui
726 2258 893 2341 cremabit)
924 2259 1077 2343 „flamma
1103 2262 1208 2343 ipuis“
1239 2260 1353 2326 dicitur
1385 2282 1431 2329 sc.

270 2377 395 2437 eorum,
427 2361 501 2442 „qui
526 2362 628 2444 ipsum
655 2361 801 2445 ipuorent
827 2365 856 2422 et
888 2361 941 2442 qui
970 2377 1034 2423 non
1066 2358 1238 2425 obaudiant
1270 2363 1429 2447 eoanpelio

270 2459 329 2543 (ib.
342 2479 372 2523 v.
386 2458 438 2538 8)3
461 2458 520 2523 Mc.
538 2459 591 2542 IV,
614 2460 654 2527 28
678 2466 709 2524 et
730 2460 825 2523 Prax.
843 2457 884 2525 26
907 2459 1067 2541 confessor
1088 2452 1271 2546 et‘nepotor
1283 2461 1428 2544 (Christi)

270 2558 384 2623 dicitur
403 2561 540 2640 „omnis,
562 2562 616 2643 qui
636 2558 795 2640 coufessus
816 2561 876 2623 erit
896 2560 944 2623 ael
964 2562 1124 2644 nepaoerit
1146 2560 1302 2625 Christum
1324 2581 1430 2627 coram

268 2658 453 2739 homiuibus,
477 2662 531 2744 qui
552 2660 755 2738 confessorem
777 2658 995 2740 confitebitur.
1013 2708 1020 2722 .
1042 2668 1071 2725 et
1090 2668 1269 2745 nepatorem
1284 2662 1429 2745 mepalit‘

271 2760 325 2842 (cf.
348 2759 443 2824 etiam
466 2759 536 2824 Cor.
553 2762 621 2839 11);
645 2765 675 2823 61
697 2758 756 2823 Mc.
771 2758 843 2838 v‚7
862 2760 1071 2842 ‚dauneror‘
1093 2760 1208 2825 dicitur
1231 2762 1425 2845 6616665,

218 2909 220 2913 .
270 2861 324 2926 13:
353 2852 445 2942 „nam
468 2879 518 2925 eos
539 2862 593 2944 qni
612 2860 697 2938 foris
716 2866 789 2923 sunt
811 2858 897 2923 Deus
925 2859 1117 2924 damnabit‘.
1160 2860 1260 2925 Huius
1293 2863 1425 2928 brevilo-

270 2961 417 3042 quentiae
440 2979 501 3043 ope
529 2978 659 3043 pressas
686 2959 758 3024 illas
781 2966 812 3023 et
840 2961 985 3025 concisas
1007 2960 1118 3042 paucis
1140 2959 1232 3042 qnasi
1254 2960 1347 3025 lineis
1372 2962 1425 3026 de·

266 3060 457 3144 ¹scriptiones
479 3061 601 3144 profert
622 3079 685 3124 non
701 3061 802 3124 solnm
823 3059 983 3123 bominum
1002 3059 1060 3137 (cf.
1076 3060 1188 3143 11646
1209 3061 1425 3145 „philosophus

256 3162 377 3249 famae
389 3162 574 3246 nepotiator,
595 3159 755 3224 uerborum
772 3167 801 3225 et
812 3160 979 3242 factorum
997 3168 1152 3244 operator,
1174 3181 1280 3225 rerum
1293 3163 1423 3227 destruc-

270 3269 329 3341 tor,
350 3263 492 3337 ueritatis
512 3262 722 3344 interpolator
742 3268 771 3325 et
783 3260 954 3343 furator&
975 3259 1035 3324 Mc.
1047 3259 1073 3340 I,
1085 3259 1126 3326 22
1146 3261 1243 3339 „dens
1255 3261 1423 3327 Marcionis

196 3415 199 3420 .
269 3362 347 3427 noali
362 3363 543 3446 permissor,
564 3362 701 3425 iniuriae
714 3360 843 3442 fautor,
864 3363 988 3446 pratiue
1004 3360 1206 3440 lenocinator,
1228 3360 1422 3446 lenipnitatis

263 3462 526 3546 praeuaricator‘
540 3466 572 3526 et
581 3461 754 3525 bestiarum
773 3461 826 3542 (cf.
840 3461 900 3527 Mc.
913 3461 937 3541 Ι,
956 3462 974 3526 1
995 3480 1153 3542 „comesor
1171 3480 1240 3524 mus
1260 3461 1422 3544 Pontium·

270 3567 374 3625 castor
384 3562 490 3624 cornis
505 3562 700 3640 onerator‘;
720 3561 756 3624 R.
771 3560 805 3624 C.
818 3562 859 3629 32
879 3564 999 3643 ,pisces
1013 3580 1174 3643 corporum
1188 3561 1419 3644 decoratored‘),

269 3661 326 3726 sed
349 3660 445 3725 etiam
462 3659 675 3724 inanimatum
692 3680 805 3740 rerum,
828 3681 892 3743 qna
912 3663 1080 3727 verborum
1103 3660 1304 3727 adiunctione
1326 3662 1418 3745 poeti·

270 3781 340 3827 cnm
363 3760 521 3843 quendam
544 3763 680 3826 colorem
709 3760 844 3825 orationi
869 3761 935 3826 indi
963 3768 1065 3846 patet:
1095 3761 1136 3826 cf.
1160 3763 1219 3826 An.
1240 3764 1282 3830 43
1303 3783 1419 3828 somnus

263 3869 402 3943 pacator
423 3879 560 3943 operum,
581 3862 813 3945 redinteprutor
832 3864 946 3927 uirium
952 3892 962 3943 3
985 3864 1045 3945 Ap.
1065 3863 1102 3928 21
1126 3864 1256 3947 spiritus
1275 3866 1416 3928 univcrsi-

269 3965 344 4026 tatis
358 3970 541 4044 permeatur
547 3985 560 4043 ,·
579 3962 649 4027 Val.
670 3964 709 4028 15
732 3982 749 4025 o
770 3965 869 4027 risum
889 3965 1155 4028 illuminatorem!
1176 3983 1193 4026 o
1206 3964 1319 4046 fletum
1339 3952 1415 4048 ripa·

270 4064 388 4127 torem!
408 4070 467 4128 etc.
491 4063 653 4145 Simulque
681 4064 806 4129 illorum
836 4084 895 4128 usu
917 4064 1107 4128 creberrimo
1137 4063 1318 4147 ponderosa
1339 4063 1414 4128 Tert.

269 4164 421 4227 orationis
443 4163 586 4247 gravitas
608 4170 639 4228 et
660 4164 854 4228 sententiosa
868 4164 1007 4229 brevitas
1025 4163 1202 4242 adiuvatur,
1225 4182 1306 4245 quae
1329 4164 1414 4229 etiam

270 4263 406 4337 cernitur
426 4263 459 4330 in
481 4263 733 4351 oppositionibus
761 4264 828 4330 sive
859 4264 1082 4350 contrapositis
1111 4264 1221 4331 harum
1248 4264 1413 4332 verbalium
1449 4317 1451 4320 >
