3098 4922
754 267 961 336 ..20-

279 450 346 516 tiva
367 450 466 516 verba
486 469 550 514 non
574 455 701 515 exstant
721 449 782 515 nisi
805 450 890 536 apud
903 451 987 517 'fert
1009 450 1144 537 primurn
1166 451 1218 518 vel
1237 451 1270 516 in
1292 469 1439 533 eaquae

279 557 390 618 secuta
411 556 461 616 est
481 551 650 616 latinitate.
672 586 713 598 ·-

362 696 423 762 Hie
443 716 556 763 vocum
579 715 729 761 recensus
752 695 837 760 hand
869 696 936 763 seio
968 716 1010 763 an
1041 694 1279 781 lexicographis
1310 715 1436 778 quoque

279 817 320 863 ex
340 814 400 862 usu
420 796 463 862 sit
484 797 526 863 ad
547 796 652 862 lexiea
673 796 873 881 complenda.

360 943 421 1008 Hie
441 942 668 1008 vocabulorum
690 942 782 1007 huius
809 942 936 1026 generis
964 941 1139 1007 uberrimus
1171 941 1203 1006 in
1224 941 1310 1006 Tert.
1331 940 1437 1007 latini·

277 1048 342 1107 tate
363 1049 536 1127 proventus
558 1062 653 1124 quarn
674 1042 807 1125 largiter
828 1042 1053 1107 redundaverit
1071 1040 1104 1105 in
1125 1042 1293 1107 verborum
1310 1041 1437 1125 copiam

277 1143 458 1227 aagendam
481 1162 590 1208 earum
612 1143 821 1208 recentiorum
844 1142 1033 1226 linguarum,
1056 1162 1138 1224 quae
1160 1141 1309 1208 aLatina
1323 1141 1438 1225 lingua

277 1243 433 1327 originem
456 1232 625 1327 duxerunt,
659 1244 721 1308 hae
747 1243 868 1308 minuta
898 1243 1049 1308 doceatur
1072 1242 1242 1307 collatione
1263 1240 1437 1307 vocabulo·

277 1363 346 1409 rum
382 1364 422 1409 ex
455 1343 602 1410 Italioa
634 1349 666 1409 et
698 1343 859 1409 Gallica
890 1342 1000 1426 lingua
1036 1343 1230 1410 haustorum.
1287 1345 1324 1406 In
1361 1341 1438 1407 Ita-

276 1444 396 1511 licam
419 1444 546 1527 quidem
568 1445 711 1528 linguam
733 1445 814 1509 haee
835 1443 993 1509 vocabula
1021 1462 1061 1508 ex
1081 1444 1166 1508 Tert.
1191 1441 1283 1526 primi
1306 1441 1437 1507 fictione

277 1545 405 1610 mutatis
422 1544 573 1610 videlieet
593 1543 704 1609 formis
727 1543 893 1609 transiisse
916 1550 1064 1628 apparet:
1097 1543 1294 1622 Accettatore
1317 1545 1365 1624 (=
1382 1562 1436 1607 ac-

278 1645 452 1730 ceptator),
474 1645 660 1726 adoratore,
682 1646 870 1726 animatore,
904 1646 1146 1721 aaaaaar'atore,
1174 1649 1437 1729 orpomeatatore,

277 1743 485 1811 battcaaato'rc
509 1746 561 1829 (=
582 1745 792 1827 baptizator),
815 1751 1001 1822 castratore,
1023 1752 1255 1823 consecratore,
1286 1744 1437 1807 cortami-

275 1853 396 1928 reatore,
418 1853 630 1929 cooperatore,
651 1845 1045 1926 dedicatore-distractae
1079 1851 1129 1933 (ς
1159 1845 1359 1927 destructor),
1386 1844 1437 1909 di·

276 1953 436 2028 voratore,
465 1954 643 2034 crepatore,
678 1949 885 2012 eeamiaatore
916 1946 967 2030 (=
999 1945 1234 2030 examinator),
1266 1950 1438 2009 esenowa

279 2051 332 2126 (=
354 2046 569 2132 exhortator),
593 2048 819 2129 illuminatore,
841 2048 1053 2129 incantatore,
1080 2053 1261 2132 peccatore,
1288 2064 1437 2130 persecu·
1492 2121 1497 2127 ᾗ

277 2153 352 2227 tore,
372 2154 594 2233 preparatore,
611 2154 787 2228 protettore
809 2150 857 2233 (=
879 2148 1076 2230 protector),
1105 2146 1307 2229 retributore,
1337 2151 1436 2211 rimu-

276 2255 431 2324 peratore,
453 2251 629 2330 rioelatore,
650 2251 817 2330 salvatore,
840 2247 1062 2329 santificatore,
1082 2250 1259 2333 scioplitore
1274 2246 1326 2332 (=
1350 2247 1437 2315 solu·

268 2355 356 2437 tor),
378 2348 534 2415 sedattore
556 2350 604 2432 (=
627 2350 798 2432 seductor),
821 2357 1015 2434 separatore,
1037 2350 1234 2433 reppeltitorc
1255 2348 1306 2431 (=
1329 2347 1437 2431 sepul·

275 2448 348 2529 tor),
358 2453 657 2535 sopraeeemiaatorc
668 2449 719 2534 (=
732 2448 1029 2534 supraserninator),
1045 2455 1253 2534 trangressore
1268 2450 1317 2533 (=
1330 2455 1436 2514 trans-

275 2556 435 2633 grassor).

357 2695 394 2759 ln
417 2694 620 2760 Gallicam
643 2701 748 2760 autern
770 2695 867 2761 haec:
909 2695 1098 2774 Adorotear,
1120 2694 1307 2777 confessear,
1331 2695 1436 2758 coare·

276 2802 411 2874 cratcar,
434 2797 645 2880 cooperatear,
667 2795 864 2875 dedicatear,
888 2795 1063 2878 difiniterrr,
1086 2795 1294 2875 destruetear,
1317 2796 1435 2859 erami-
1536 2876 1537 2879 Ἴ

274 2903 397 2978 auteur,
414 2896 623 2979 fornicatear,
645 2898 835 2978 iastitatear,
858 2897 1032 2980 operatear,
1042 2896 1180 2981 poetar
1195 2896 1246 2980 (=
1261 2893 1436 2979 peccator),
1536 2888 1537 2901 ¹

270 2999 490 3080 perscrutarer,
520 3003 718 3080 protectear,
755 2998 1007 3080 remano-arear,
1035 2997 1158 3062 Saarer
1182 3002 1234 3075 (=
1256 2996 1436 3080 Salvator),

275 3097 448 3164 seductear.

358 3258 431 3339 §l
479 3258 549 3324 Hae
577 3259 673 3342 igitur
704 3279 817 3325 voourn
851 3278 1005 3326 novarum
1037 3257 1221 3323 recensione
1252 3257 1435 3341 lexicologa
1535 3316 1536 3337 ,

278 3364 410 3445 peraeta
433 3358 495 3423 ianr
518 3365 717 3425 transeamus
740 3360 843 3425 adea
872 3359 964 3425 huius
988 3359 1115 3442 generis
1136 3358 1294 3425 voeabula
1321 3377 1437 3442 eonge-

275 3458 385 3542 reuda,
408 3478 540 3541 quorum
556 3458 900 3542 significationes
917 3461 1079 3526 naturales
1098 3468 1129 3526 et
1140 3459 1333 3543 principales
1348 3457 1433 3542 apud

260 3559 359 3624 ‘'l'ert
384 3564 439 3624 aut
455 3559 556 3624 solum
579 3566 634 3625 aut
647 3558 782 3642 primurn
801 3567 974 3626 mutatae
996 3566 1028 3625 et
1042 3566 1217 3625 novatae
1232 3558 1432 3641 leguntur*).

275 3660 334 3724 His
355 3678 553 3744 praeponere
575 3660 652 3725 libet
672 3662 754 3726 tales
777 3660 937 3725 hominum
961 3661 1209 3746 appellationes,
1243 3678 1340 3742 quae,
1364 3679 1432 3725 cum

273 3759 532 3825 Christianae
556 3759 770 3825 doetrinae
792 3762 942 3844 propriae
965 3762 1038 3841 sint,
1061 3768 1157 3826 antea
1177 3779 1307 3843 prorsus
1323 3758 1430 3843 ineog·
1533 3832 1534 3845 χ

274 3861 360 3925 uitae
381 3860 568 3924 Tertulliani
589 3859 682 3944 primi
704 3860 734 3924 in
759 3881 818 3927 usu
840 3866 930 3943 sunt,
963 3868 995 3926 et
1027 3860 1069 3926 ad
1096 3859 1347 3925 Christianorum
1382 3860 1432 3925 rel

346 4125 378 4195 ¹¹²)
400 4126 435 4179 ut
452 4126 481 4179 iu
501 4125 688 4196 congerendis
717 4132 746 4182 et
773 4127 802 4181 iu
822 4126 996 4196 explicandis
1022 4126 1066 4183 his
1091 4127 1238 4182 vocabulis
1263 4124 1340 4181 bono
1368 4124 1431 4181 mihi

274 4214 338 4269 usui
356 4212 471 4269 fuerunt
488 4214 528 4269 illi
546 4215 611 4270 libri
629 4230 805 4285 summopere
832 4215 966 4271 laudandi
995 4214 1031 4270 ab
1060 4215 1094 4270 H.
1115 4214 1257 4270 Rdnseh
1281 4215 1432 4283 conscripti

277 4303 365 4374 (Itala
383 4310 413 4360 et
430 4304 569 4375 Vulgata,
601 4303 673 4363 Nov.
703 4311 766 4360 teet
790 4304 884 4373 Tert.)
905 4310 992 4372 atque
1010 4304 1096 4360 editio
1116 4302 1339 4359 Oehleriana
1356 4304 1447 4362 Tert·
