3098 4922
676 265 883 334 ..26-

199 445 394 512 Desultor
415 452 520 512 autom
548 448 633 533 apud
654 449 739 514 Tert.
762 468 825 514 non
853 449 990 534 propria
1011 449 1099 516 voois
1124 451 1156 516 vi
1178 457 1359 536 usurpatur,

200 566 263 629 qna
283 547 368 612 idem
389 548 476 613 valet
490 549 574 631 quod
592 570 690 633 germ.
703 550 914 633 Kuustreiter,
937 551 993 615 sed
1011 552 1176 635 translata,
1199 571 1262 634 qua
1274 553 1360 619 idem

199 652 249 712 est
269 668 308 712 ao
329 655 534 731 eoutemptor,
562 650 621 715 Mo.
645 650 688 731 V,
713 651 751 718 16
765 652 924 734 fallaciae
944 654 1093 718 immissio
1118 652 1267 718 aduersus
1287 673 1358 717 eou-

199 755 363 833 temptores
390 757 418 814 et
447 750 626 815 desultores.
669 750 772 816 Simili
799 754 955 817 translata
981 753 1013 818 vi
1040 751 1129 817 finxit
1162 755 1359 819 desultricem

199 848 317 917 vates
329 852 429 914 uirtus
443 850 598 932 desertrix
612 858 641 916 et
650 852 805 918 desultriu
815 854 874 936 l:
885 852 1044 917 instabilis
1056 882 1101 913 =
1111 849 1289 919 ἀποστᾶσα
1305 875 1357 938 ap.

199 951 280 1015 lren.
291 951 317 1032 I,
329 953 358 1031 6,
368 952 413 1033 2).
428 989 470 998 -
498 951 723 1016 Venatores
743 953 879 1036 denique
901 954 993 1018 Mart.
1016 955 1035 1020 6
1066 959 1266 1030 (remotorum
1287 963 1357 1023 tau·

197 1055 283 1132 reae)
296 1050 528 1134 significatione
540 1052 621 1117 alias
633 1052 784 1118 inusitata
805 1053 951 1119 dieuntnr
968 1060 1163 1137 pugnatores
1185 1055 1217 1123 in
1234 1063 1357 1139 speetu:

197 1150 276 1216 aulis
298 1151 469 1217 venatoriis
491 1159 662 1221 versantes.

281 1247 492 1317 Litterati‘
509 1252 653 1318 homines
684 1253 734 1317 his
767 1253 985 1337 signifioantnr
1014 1273 1097 1319 novo
1124 1254 1356 1340 modo'appel

196 1351 381 1416 latioribus:
417 1353 703 1419 Commentator
734 1343 929 1438 apud'Tert.
953 1375 1016 1419 non
1044 1355 1073 1419 is
1102 1360 1167 1436 est,
1197 1355 1252 1437 qui
1273 1376 1355 1423 eom·

196 1458 354 1519 mentatur
375 1459 407 1520 et
428 1454 590 1537 excogitat
614 1453 750 1536 aliquid,
772 1454 831 1520 sed
852 1455 905 1537 qui
929 1456 1082 1520 eoneribit
1103 1461 1136 1521 et
1157 1454 1222 1529 edit
1242 1456 1355 1523 librum

197 1554 335 1635 aliquem
347 1603 355 1635 ,
389 1555 430 1619 ai.
462 1554 496 1619 C.
520 1554 555 1620 C.
576 1555 618 1622 22
650 1554 849 1634 Motlleaeus,
886 1555 1086 1629 fidelissimus
1115 1559 1273 1642 erempelii
1311 1579 1358 1639 o.,·

196 1655 233 1718 R.
257 1653 290 1719 O.
315 1655 356 1721 33
380 1655 541 1740 parabola
570 1676 683 1738 ...a
712 1663 947 1722 commentatore
977 1658 1131 1742 erumpelii
1162 1665 1226 1740 (se,
1248 1657 1352 1738 Luca)

189 1756 448 1839 proelumiuata,·
478 1755 536 1820 Mo.
559 1754 620 1833 IV,
643 1755 663 1823 2
685 1776 723 1818 ea
740 1754 789 1820 leis
810 1763 869 1834 (so.
894 1758 1043 1840 quatuor)
1067 1759 1356 1825 commentatoribus

196 1873 271 1940 puos
290 1854 436 1920 labemus
457 1855 578 1920 Lucam
604 1856 727 1920 oidelae
748 1855 894 1920 Mareiou
916 1859 1055 1943 elepisse,
1086 1879 1173 1942 paam
1195 1860 1356 1949 euaderet-5

196 1956 267 2020 var.
287 1957 329 2023 34
350 1956 524 2022 Feuestella
545 1956 709 2020 auualium
730 1978 777 2039 e.,·
803 1959 864 2041 Ap.
891 1957 944 2038 103
973 1959 1032 2021 An.
1054 1957 1105 2025 46.
1133 1995 1169 2005 -
1212 1959 1354 2024 Similem

195 2056 259 2122 vim
274 2058 449 2123 narratoris
461 2057 560 2121 habet
580 2055 665 2138 apud
682 2056 765 2123 Tert.
785 2058 921 2141 primum
944 2077 1012 2122 voe.
1026 2059 1221 2124 relatoris
1242 2060 1301 2123 An.
1313 2060 1355 2127 46

196 2164 298 2221 oetera
327 2178 396 2221 aum
422 2160 487 2222 suis
516 2156 690 2242 oripiuilus
716 2164 746 2220 et
771 2156 884 2221 ritibus
911 2163 941 2221 et
964 2157 1153 2222 relatoribus
1176 2163 1258 2238 (or.)
1283 2207 1353 2229 ..

194 2255 392 2340 Hermippus
419 2304 426 2318 .
450 2305 458 2321 .
485 2258 685 2322 satiatissime
716 2256 874 2322 ealilelit.
906 2293 947 2303 —
989 2257 1217 2322 Litterator
1249 2265 1353 2324 autem

195 2363 323 2439 praeter
343 2358 508 2440 vulgarem
525 2356 612 2422 voois
627 2377 717 2422 usum
739 2356 819 2425 lua
836 2357 1004 2423 adhibetur
1022 2357 1194 2424 vertendae
1211 2360 1354 2424 Graecae

196 2458 266 2522 vooi
288 2461 504 2543 γραμματέως
536 2457 587 2534 (in
608 2477 692 2522 novo
713 2464 784 2522 test.
808 2461 824 2523 1
849 2458 920 2524 (lor.
944 2461 979 2539 1,
1002 2459 1076 2537 2Ο);
1111 2459 1196 2541 „Uli
1220 2463 1353 2545 sapieus,

195 2556 250 2622 ubi
271 2559 307 2639 l,
330 2557 384 2622 uli
406 2561 595 2643 eouquisitor
614 2558 708 2622 leuius
728 2558 819 2623 aeui?
841 2560 949 2641 Vulg.:
971 2558 1104 2641 serila).
1128 2596 1162 2606 —

278 2659 370 2741 512.
412 2660 536 2741 Agmen
565 2657 716 2723 olandant
743 2660 864 2740 aliquot
890 2659 983 2723 huius
1005 2659 1235 2725 terminationis
1257 2680 1352 2726 voees

195 2757 297 2822 varii
319 2757 525 2842 significatus,
548 2778 680 2840 quarum
694 2759 839 2824 notiones
861 2759 933 2823 aliis
953 2760 1089 2824 usitatae
1108 2761 1224 2825 aTert.
1243 2761 1352 2825 immu-

71 2860 73 2864 ’
195 2864 281 2923 tatae
293 2858 509 2925 inveniuntur:
526 2859 700 2922 Aetor=
711 2858 1095 2925 administrator-omnium
1108 2859 1352 2925 domesticarum

195 2978 298 3023 rerum
321 2959 451 3024 absente
474 2959 611 3039 domino,
633 2959 693 3024 Mo.
705 2959 759 3040 IV,
772 2960 813 3027 29
829 2962 984 3042 propouit
1006 2960 1068 3044 (so.
1081 2960 1195 3044 lesus)
1213 2968 1354 3026 aetorum

195 3059 691 3141 similitudimemlLue.12,42
717 3085 762 3116 =
789 3057 976 3143 olitorium,
1010 3060 1100 3143 Vulgi
1125 3062 1353 3146 dispensator),

196 3159 284 3223 onius
304 3179 417 3226 munus
439 3160 481 3225 ib.
493 3160 534 3227 33
555 3168 644 3224 aetus
664 3160 786 3226 dieitur.
812 3198 846 3206 —
870 3161 1092 3226 Adoooator
1109 3163 1352 3246 (mendicorum)

196 3258 255 3322 Ma.
271 3258 324 3340 IV,
342 3262 382 3326 m
403 3279 443 3325 ex
466 3261 593 3326 notione
615 3261 703 3325 verbi
726 3260 955 3326 advocandi
977 3261 1166 3326 Tertulliani
1188 3262 1235 3346 (in
1257 3265 1352 3328 inter-

195 3359 373 3442 pretatione
399 3380 459 3426 sor.
482 3380 543 3425 sor.
566 3367 598 3425 et
617 3360 700 3424 Iren.
721 3360 816 3444 intpr.
839 3366 871 3426 et
892 3361 1004 3444 Vulg.)
1034 3361 1166 3446 propria
1195 3364 1278 3445 (qua
1305 3383 1352 3428 re-

196 3459 332 3542 spondet
353 3461 478 3526 Graeoo
500 3462 598 3525 verbo
619 3462 828 3545 παρακαλεῖν
849 3481 900 3545 ap.
923 3461 1013 3525 LXX
1031 3488 1070 3518 =
1084 3464 1257 3547 eousolari)
1282 3483 1353 3528 eou-

159 3645 161 3649 .
194 3561 314 3624 solator
335 3560 458 3625 dieitur.
480 3598 522 3607 -
564 3561 795 3626 Aemulator
819 3562 921 3643 (Deus
948 3563 1089 3627 alomiuus
1114 3569 1186 3626 tuus
1205 3565 1241 3628 iu
1263 3570 1292 3627 te
1314 3590 1351 3623 2:

195 3660 334 3747 ζηλωτής
356 3660 490 3740 Deutss,
508 3661 565 3736 15)
591 3660 734 3742 Soorp2
755 3686 796 3718 =
816 3664 976 3747 aelotppus
998 3662 1016 3725 i.
1034 3683 1061 3727 e.
1084 3662 1162 3727 sooii
1184 3669 1216 3726 et
1236 3663 1353 3728 aemuli

195 3762 364 3845 impatiens
386 3767 418 3825 et
447 3762 531 3826 ultor
560 3760 713 3843 perfidiae
743 3767 889 3827 strenuus
910 3767 997 3827 Deus
1025 3762 1154 3843 dieitur,
1186 3764 1240 3844 qui
1267 3763 1352 3829 idem

195 3861 268 3926 aliis
290 3862 369 3927 loeis
395 3862 489 3946 (Pnd.
511 3862 546 3942 2;
575 3860 634 3926 Mo.
657 3861 689 3942 1,
712 3862 768 3942 283
790 3862 849 3942 IV,
870 3862 911 3929 25
933 3861 1009 3946 eto.)
1031 3864 1143 3928 zelotes
1164 3864 1350 3946 appellatur.

195 3962 317 4027 Eadem
339 3968 442 4027 autem
465 3960 639 4045 appellatio
668 3961 788 4027 diaboli
811 3969 859 4028 est
880 3962 935 4045 Sp.
957 3968 976 4028 2
998 3965 1059 4028 illo
1078 3967 1125 4028 ais
1151 3965 1354 4030 aemulatoris

195 4065 356 4147 ampeli:
380 4062 495 4126 aemuli
522 4081 566 4126 so.
589 4060 651 4126 dei.
672 4099 713 4109 -
747 4063 979 4128 Asseutotor
1006 4064 1091 4146 apud
1113 4065 1197 4128 Tert.
1220 4083 1282 4128 non
1305 4069 1353 4128 est

195 4161 280 4226 idem
302 4161 355 4244 qui
374 4163 533 4246 adulator,
554 4168 589 4227 ut
606 4161 692 4246 apud
705 4170 836 4244 eeteros,
860 4163 917 4228 sed
938 4165 1022 4229 idem
1042 4167 1129 4230 valet
1144 4163 1228 4246 quod
1249 4183 1352 4228 asseu-

195 4282 248 4335 εον
273 4263 380 4331 Herm.
405 4264 444 4329 10
470 4283 535 4328 uou
560 4269 670 4329 auctor
697 4264 752 4328 seal
778 4271 952 4330 asseutotor
979 4266 1058 4330 mali
1082 4266 1242 4330 iuoeuitur
1269 4265 1353 4347 aleus,
1462 4323 1463 4326 ,
1543 4274 1547 4369 χ’
