3098 4922
557 238 874 350 ¹-31-

188 466 389 547 saeculorem,
412 468 464 532 illi
484 473 586 531 autem
608 466 768 533 liberalem
788 467 913 548 cocant)
949 465 1121 530 studiosam
1143 485 1250 530 reram
1280 471 1349 529 tarr·

191 573 256 630 iam
270 569 328 631 isle
344 567 462 645 doceat,
485 575 634 652 quonlam
661 569 833 635 studiosam
860 566 1023 633 corborum
1046 565 1153 631 Cicero
1187 566 1348 630 deleclotr‘

192 666 262 731 Hac
282 667 315 730 in
338 668 601 735 commentatione
614 687 673 734 nos
695 669 790 748 aliam
813 668 972 750 quendam
995 667 1148 732 rationem
1171 665 1350 732 consilium·

192 786 252 849 que
280 773 406 832 secutos
438 786 508 833 esse
532 774 626 850 atque
646 769 871 835 Hausohild
894 789 934 834 ca
955 767 1168 852 disputatione
1191 767 1298 833 subtili
1320 772 1351 831 et

193 866 365 948 exquisita,
387 886 481 949 quam
503 888 604 952 nuper
625 869 665 935 de
687 869 782 934 simili
803 871 938 934 materia
958 868 1057 933 edidit
1069 867 1112 951 a),
1134 868 1219 933 haud
1243 888 1349 950 quem·

192 986 288 1049 qnam
319 974 484 1050 utramque
509 970 801 1035 commentationem
824 973 982 1053 legentem
1004 967 1114 1052 fugiet.

275 1067 346 1132 Hac
367 1075 401 1133 ut
421 1069 467 1133 ita
487 1068 591 1133 dicam
616 1071 820 1151 „materiola“
842 1075 1037 1154 pertractata
1051 1073 1160 1152 restat,
1182 1074 1216 1132 ut
1239 1067 1350 1151 copiae

193 1169 361 1233 verborum
384 1168 467 1234 Tert.
498 1169 706 1236 illustrandae
736 1190 833 1236 causa
863 1177 970 1236 cetera
991 1189 1098 1234 eornm
1121 1188 1241 1252 genera
1262 1167 1350 1251 dige-

193 1274 303 1331 rantur
327 1273 422 1349 atque
444 1270 656 1353 explicentur,
690 1290 784 1352 quam
807 1271 935 1336 adrem
958 1271 1082 1353 largam
1104 1270 1233 1334 iamiam
1256 1275 1351 1350 atque

194 1387 361 1451 operosam
383 1371 549 1434 materiam
573 1370 806 1455 congessimus,
836 1390 930 1453 quam
961 1370 1104 1455 proferre
1126 1375 1268 1454 tempore
1303 1369 1350 1434 fu·

194 1473 269 1533 turo‘
285 1469 378 1533 nobis
401 1477 450 1534 est
471 1469 503 1533 in
526 1470 645 1553 animo,
716 1477 718 1483 ’

432 1572 480 1652 „si
498 1590 549 1635 res
570 1578 598 1635 et
619 1578 707 1636 aeras
728 1578 757 1635 ct
775 1589 919 1635 sororum

462 1670 527 1753 filo
549 1673 645 1735 triam
662 1674 828 1754 potientur
847 1670 951 1736 otro.“

266 1938 293 2005 *)
317 1936 403 1991 Uebcr
430 1937 476 1991 dic
507 1937 686 1994 &andaciae
712 1939 773 1993 aad
794 1938 890 1994 Mittor
920 1937 970 1992 der
989 1935 1187 2004 Wortbr'ldoaq
1215 1934 1259 1988 bei
1279 1933 1350 1988 Tert.

194 2024 390 2094 Leipz.187o.
