3098 4922
681 276 889 343 ..30-

210 460 320 542 (Aug,
350 459 480 545 vulg),
502 463 534 525 et
561 457 720 524 ICorum.=
753 457 974 540 defraudator,
995 458 1174 538 dissolutor,
1194 458 1370 543 rdiqaator

212 559 311 641 (Gai,
334 560 421 643 Dig,
446 559 553 645 Cori).
1065 563 1070 573 '

292 662 312 740 ξ
335 661 384 726 15.
414 660 464 725 Ad
487 679 590 726 novae
604 658 805 724 Christianae
827 658 900 724 fidei
914 658 1059 723 notiones
1081 677 1144 724 non
1164 663 1310 742 spectant
1327 678 1368 724 ex

208 758 259 823 bis
281 778 349 824 voc.
374 761 557 826 verbalibus
579 759 640 824 nisi
662 760 743 824 haec
761 759 837 824 duo:
870 759 1074 842 imstr'ficatria
1103 759 1289 843 (disciplina
1309 758 1367 823 lra-

207 861 370 942 miiitatis)
394 861 455 926 Mc.
478 861 542 944 IV,
564 861 621 943 36,
654 879 716 941 quo
739 859 935 942 significatur
955 859 1076 943 placita
1096 860 1167 924 Deo
1199 861 1257 925 illa
1288 860 1367 944 pub·

209 960 306 1024 licani
337 961 440 1027 oratio
473 961 564 1046 (Luc.
587 961 658 1044 18),
691 967 721 1024 et
745 963 910 1044 peceatrice
945 962 1036 1045 (caro
1066 959 1101 1028 O.
1133 959 1168 1025 O.
1188 960 1223 1042 ὃς
1259 962 1369 1025 amima

209 1060 271 1126 Au.
295 1061 337 1127 40
361 1061 449 1149 eta),
472 1062 587 1145 quibus
610 1060 764 1125 ambobus
785 1059 950 1125 vocabulis
979 1067 1010 1125 et
1041 1060 1115 1126 fidei
1147 1067 1179 1126 et
1207 1060 1370 1127 bominum

208 1167 324 1225 natura
343 1162 488 1245 ratioque
509 1164 649 1248 perbene
672 1162 840 1226 denotatur
861 1181 882 1225 a
903 1160 988 1225 Tert.
1016 1160 1128 1245 primo.
1160 1175 1202 1208 ‘-
1245 1161 1370 1226 Matrix

209 1268 333 1343 autem,
357 1282 420 1327 vox
443 1263 537 1348 primi
560 1261 711 1327 Varronis
734 1265 772 1342 (r.
794 1261 835 1343 r.)
857 1266 922 1326 tum
946 1259 1082 1343 Colum,
1120 1262 1206 1346 apud
1228 1281 1308 1343 quos
1328 1283 1367 1324 m.

209 1361 322 1427 dicitur
345 1362 465 1428 femina
485 1364 666 1446 brutorum,
703 1361 797 1445 apud.
819 1361 904 1425 Tert.
938 1364 1094 1425 translata
1120 1362 1152 1427 vi
1173 1361 1290 1445 legitur
1309 1382 1368 1446 pro

209 1465 330 1548 criptae
360 1465 412 1529 vel
425 1464 522 1547 forte
537 1466 656 1546 primo,
679 1461 719 1527 cf.
742 1464 780 1526 V.
798 1462 834 1526 V.
857 1462 876 1528 b
897 1461 977 1545 Fra,
999 1483 1039 1528 m.
1061 1464 1185 1547 pemeria
1196 1463 1369 1546 femimam

209 1562 317 1627 Herm.
349 1564 390 1626 16
421 1566 556 1635 materia
578 1565 671 1627 etiam
703 1561 776 1627 barri
802 1583 864 1643 m.;
894 1563 1005 1629 Pati)
1038 1564 1236 1647 impatientia
1267 1584 1307 1627 m.
1333 1565 1368 1627 ia

210 1681 297 1728 omae
319 1663 487 1747 delictam;
509 1665 543 1728 P.
567 1664 606 1728 Η.
630 1663 670 1731 21
692 1663 838 1728 ecclesiae
858 1664 1057 1748 apostolicae,
1080 1666 1227 1728 matrices
1255 1671 1284 1728 et
1305 1666 1368 1727 ori-

207 1765 330 1851 piaaies
342 1764 447 1847 fidei,·
478 1765 552 1831 Jud.
580 1765 600 1830 2
622 1762 849 1847 primordialis
876 1764 926 1827 lea
953 1764 1029 1827 data
1056 1763 1147 1828 Adae
1178 1771 1208 1828 et
1227 1763 1314 1829 Erae
1334 1766 1369 1828 im

202 1865 372 1948 paradiso,
395 1867 485 1950 quasi
505 1886 545 1929 m.
568 1865 705 1929 ommium
720 1870 963 1948 praeceptarum
974 1862 1054 1943 Dei,·
1074 1884 1136 1930 uno
1159 1871 1263 1930 autern
1286 1866 1368 1947 loeo,

208 1968 245 2031 F.
268 1966 303 2032 P.
327 1967 366 2034 12
390 1968 546 2049 (matrices
568 1964 853 2047 imericiarioram)
876 1964 947 2029 voci
968 1966 1109 2029 matricis
1128 1966 1215 2030 notio
1248 1971 1367 2030 cetero-

210 2067 285 2149 quin
307 2066 458 2133 inusitata
479 2056 545 2132 aidi
572 2084 629 2130 seu
651 2066 789 2149 catalupi
810 2064 971 2129 hominum
994 2066 1191 2148 quorundam
1207 2071 1256 2132 est
1270 2065 1368 2150 (unde

209 2187 323 2233 nomen
345 2168 471 2234 ductum
494 2172 543 2232 est
564 2165 693 2232 ultimae
715 2165 865 2231 latinitati
881 2166 1032 2233 usitatum
1046 2168 1232 2233 matriculae
1253 2168 1366 2251 (germ.

210 2266 387 2350 Matrilrei).

292 2366 371 2432 Inde
394 2366 453 2431 has
475 2386 570 2432 voees
596 2366 729 2432 Italae
762 2367 892 2451 linguae
926 2365 1080 2450 originem
1103 2366 1232 2433 duxisse
1254 2387 1312 2451 per
1333 2387 1368 2433 se

210 2465 411 2549 intelligitur:
435 2467 624 2549 adulatrice,
648 2470 846 2551 animatrice,
868 2470 1144 2553 arpomemtatrice,
1166 2470 1293 2549 attrice,
1316 2469 1367 2533 de·

210 2568 385 2650 bellatrice,
419 2567 584 2647 debitriee,
611 2567 796 2649 frodatrice
827 2576 889 2643 (ε
908 2568 1137 2653 fraudatrix),
1168 2570 1390 2634 asservatrice'

211 2670 271 2754 (=
293 2668 518 2752 observatrix),
533 2672 722 2753 peccatrice,
744 2671 954 2751 ripraaatrice
985 2676 1047 2749 l:
1067 2669 1302 2754 reprobatria),
1323 2689 1368 2734 se-

210 2769 345 2834 dattrice
366 2770 428 2855 (=
449 2769 631 2852 sedmatria).

294 2870 456 2936 Summam
477 2868 574 2953 igitur
590 2869 703 2934 barum
719 2889 872 2935 novarum
884 2890 997 2935 vocum
1013 2870 1046 2934 in
1062 2870 1144 2935 trix
1159 2867 1369 2963 desinentium

211 2969 239 3037 si
262 2971 407 3053 facimus,
429 2972 472 3038 48
492 2970 686 3051 invenimus,
718 2970 872 3052 equibus
894 2971 931 3037 31
959 2978 1012 3047 (=
1032 2969 1131 3055 65⁰lcl
1167 2970 1295 3053 solus,
1328 2969 1369 3038 17

213 3079 268 3149 (=
291 3072 391 3157 35⁰l0)
413 3070 565 3155 primus
586 3072 671 3136 Tert.
693 3070 834 3155 protulit.
877 3071 947 3136 Hoc
969 3088 1094 3153 quoque
1121 3069 1154 3134 in
1176 3089 1294 3154 genere
1315 3070 1369 3135 ille

210 3170 413 3254 insequentes
429 3171 542 3237 Patres
564 3172 641 3236 eccl.
663 3170 838 3236 imitatores
860 3170 972 3236 habuit
990 3170 1160 3252 studiosos,
1184 3171 1276 3236 sicuti
1298 3170 1369 3254 ipse

212 3279 338 3337 secutus
371 3279 420 3337 est
451 3272 622 3356 scriptores
652 3277 824 3356 argenteae
852 3271 1019 3337 latinitatis
1044 3271 1123 3352 (hac
1146 3271 1177 3335 in
1199 3291 1234 3337 re
1256 3271 1370 3337 exinde

212 3392 233 3437 a
253 3371 362 3456 Livio)
384 3391 621 3455 praeeursores.
1231 3368 1234 3373 ⁴

295 3787 488 3869 Hucusque
510 3786 572 3852 hae
599 3786 863 3853 commentatione
890 3786 1078 3870 particulam
1106 3784 1234 3867 quidem
1265 3783 1370 3849 latini-

215 3887 292 3952 tatis
313 3886 467 3971 principis
488 3886 574 3951 illius
596 3887 882 3952 ecclesiasticorum
901 3887 1088 3971 scriptorum
1103 3885 1287 3951 Latinorum
1301 3904 1372 3969 per-

213 3988 312 4052 secuti
335 4006 454 4069 sumus,
476 3986 508 4050 in
532 4005 625 4068 quem
647 3988 747 4052 verba
767 3988 825 4052 illa
846 3986 1004 4070 quadrare
1017 3985 1094 4050 mihi
1110 3986 1266 4068 videntur,
1289 4004 1371 4068 quae

214 4088 300 4175 apud
322 4088 355 4152 S.
370 4087 635 4170 Augustinum
660 4088 728 4171 (De
745 4087 812 4154 (liv.
835 4087 897 4152 Dei
917 4087 969 4170 VI,
991 4087 1025 4167 2)
1048 4087 1088 4152 de
1100 4086 1142 4151 Μ.
1156 4086 1297 4152 Varrone
1318 4085 1374 4151 illo
1467 4106 1476 4120 ·

213 4188 365 4271 legimus:
408 4187 489 4269 ,Qut
510 4171 634 4253 tametsi·
653 4191 757 4255 miras
772 4196 817 4253 est
831 4190 935 4254 saccis
950 4190 1080 4273 eloquio,
1103 4189 1249 4253 doctriua
1270 4194 1374 4252 tamea

213 4295 305 4375 atqae
323 4290 540 4355 seatmtiisita
559 4288 698 4371 refertas
719 4297 773 4373 est,
796 4297 831 4354 at
850 4292 886 4355 ia
907 4291 989 4354 ommi
1004 4289 1179 4354 eruditiore
1192 4288 1304 4373 (qaam
1314 4307 1372 4353 aas
