3098 4922
713 270 919 339 -10..

319 451 390 529 Qua
411 451 442 515 in
465 453 650 535 quaestione
668 453 709 518 ad
730 453 970 538 ponderandam
987 453 1070 518 Tert.
1084 451 1254 518 dictionem
1272 470 1390 534 magno

235 558 393 616 momento
416 571 486 617 esse
507 559 584 637 puto
605 554 941 639 illamSeripturae
963 573 1104 618 sacrae
1126 553 1273 618 Latinam
1294 551 1390 616 inter-

234 652 457 735 pretationem,
481 673 581 736 quae‚
603 660 637 719 ut
659 660 708 720 est
727 655 894 720 verborum
916 661 1013 719 tenax
1035 660 1130 735 atque
1150 653 1335 737 perspicua,
1358 652 1391 715 in

233 751 319 816 illius
354 752 444 817 libris
478 754 648 838 carptim
684 754 811 837 quidem
850 760 962 822 exstat.
1019 756 1109 819 Haec
1142 754 1257 817 Latina
1288 759 1391 817 trans·

234 851 321 935 latio,
344 872 427 934 quae
443 853 529 937 apud
546 854 630 920 Tert.
644 855 770 938 legitur,
791 862 894 920 utrum
908 855 1009 939 ipsius
1031 853 1072 919 sit
1093 874 1134 919 an
1156 855 1219 918 iam
1236 853 1270 917 in
1281 852 1392 916 Africa

233 953 389 1019 exstiterit
410 959 481 1019 eta
507 953 591 1018 Tert.
614 955 646 1018 in
678 975 768 1020 suum
800 976 891 1021 usum
921 953 1135 1021 emendatiore
1168 972 1392 1036 nonnunquam

234 1055 320 1119 haud
342 1054 408 1119 scio
431 1073 472 1118 an
495 1055 599 1119 forma
620 1062 784 1138 assumpta
806 1057 856 1139 sit,
878 1076 990 1139 pamm
1011 1055 1116 1120 adbuc
1137 1054 1247 1137 liquet.
1279 1054 1390 1119 Gram-

232 1155 341 1220 matici
362 1160 484 1220 certant
505 1160 537 1219 et
557 1154 662 1221 adhuc
684 1158 743 1221 sub
764 1156 868 1222 iudice
888 1157 928 1221 lis
950 1162 1008 1222 est.
1051 1155 1190 1237 Insignis
1213 1161 1318 1220 autem
1347 1152 1390 1218 ad

234 1255 360 1322 dicendi
382 1274 482 1339 genus
505 1255 618 1319 eadem
639 1262 688 1322 est
710 1265 741 1322 et
760 1259 833 1341 ipsa
854 1261 984 1341 propter
1002 1255 1174 1340 permultos
1196 1275 1271 1321 suos
1287 1255 1390 1320 soloe·

234 1359 349 1422 cismos
377 1362 409 1420 et
438 1356 653 1422 barbarismos
682 1363 778 1440 atque
810 1357 990 1440 congeriem
1018 1356 1177 1438 quandam
1206 1355 1390 1439 priscorum,

233 1477 403 1537 novorum,
436 1456 640 1537 rusticorum,
674 1458 868 1540 politicorum
889 1456 1182 1531 vocabulorumex
1203 1455 1315 1521 Latine
1345 1455 1392 1520 di·

172 1637 174 1640 Α
234 1557 326 1623 cendi
355 1554 581 1621 consuetudine
611 1577 735 1640 eorum,
769 1558 913 1640 quitum
941 1556 1082 1629 Africam
1110 1556 1299 1621 incolebant.
1342 1556 1392 1620 Ex

233 1677 292 1722 usu
315 1662 419 1722 autem
441 1675 512 1722 esse
534 1656 626 1721 nobis
647 1657 750 1723 visum
772 1664 837 1733 est,
860 1675 1024 1722 secernere
1046 1676 1142 1723 voces
1164 1656 1238 1721 inde
1259 1655 1391 1721 haustas

233 1776 334 1823 novas
355 1763 387 1822 et
413 1776 555 1822 seorsum
584 1757 726 1823 conferre
756 1757 797 1822 ab
823 1757 879 1840 iis,
912 1777 995 1840 quae
1016 1756 1202 1822 Tertulliani
1229 1754 1330 1840 ipsius
1357 1755 1391 1819 in

234 1856 361 1922 dicendi
382 1876 441 1921 usu
463 1864 545 1921 sunt.

317 1956 351 2022 Si
375 1956 445 2037 quis
468 1963 572 2021 autem
593 1956 828 2040 philologorum
851 1955 1028 2022 offendatur
1050 1955 1322 2021 latinitatis'Tert.
1344 1954 1389 2018 in·

234 2056 361 2138 aequali
384 2076 422 2121 ac
443 2056 626 2141 multiformi
657 2057 825 2138 qualitate,
853 2057 880 2120 is
903 2075 1009 2122 secum
1036 2062 1160 2140 reputet
1189 2055 1283 2121 velim
1310 2055 1391 2119 haec

233 2156 347 2238 verba,
379 2174 461 2238 quae
492 2155 639 2239 leguntur
667 2156 700 2220 in
735 2156 934 2240 praefatione
966 2156 1235 2240 interpretationis
1257 2155 1390 2220 Latinae

233 2255 380 2320 Psalterii
395 2275 415 2320 a
429 2255 680 2322 Christianorum
702 2256 842 2320 antistite
856 2255 993 2338 quodam
1016 2256 1132 2322 abhinc
1152 2263 1273 2340 septem
1289 2274 1390 2320 annos

234 2355 355 2420 editae:

359 2455 483 2538 „Dictio
503 2477 568 2521 ruore
586 2457 706 2525 redolet
725 2456 883 2520 Nasonem
904 2458 967 2521 siue
987 2456 1169 2531 Maroneum

359 2556 427 2636 „Ne
448 2557 608 2621 tamarid
627 2559 777 2642 praviter,
800 2558 1022 2637 lectorarrrice,
1033 2557 1138 2639 feras.

359 2656 520 2741 „Mettica
540 2657 689 2741 dispersit
706 2664 876 2744 commerito
898 2658 1025 2721 ecclesie
1048 2656 1173 2739 Christi,

359 2756 412 2837 „E
428 2757 519 2821 cerdo
539 2757 670 2822 Domirti
684 2759 809 2841 prodiit
829 2777 907 2820 uero
927 2777 1041 2821 receus.

359 2856 477 2938 „Ipso
498 2860 610 2922 uocis
622 2859 774 2941 formis
796 2864 831 2921 et
853 2856 1156 2942 sipuificatibus
1176 2876 1248 2920 usa

361 2955 580 3038 „Romanae
601 2959 762 3043 itaquae
784 2959 957 3042 turpiter
977 2960 1087 3022 aurit
1109 2975 1208 3042 opes.

708 3144 918 3153 .-—--—-—---

317 3254 390 3319 Jarn
412 3274 505 3337 vero,
526 3260 561 3320 ut
581 3260 630 3320 est
655 3256 852 3339 propositum
879 3253 986 3334 nobis,
1015 3253 1071 3317 fiat
1092 3252 1227 3336 primum
1247 3249 1390 3315 recensio

235 3374 346 3420 vocum
369 3355 543 3420 verbalium
564 3355 597 3418 in
619 3361 679 3420 tor
705 3354 915 3421 desinentium
942 3373 1113 3436 earumque
1140 3370 1237 3417 nove
1264 3370 1284 3415 a
1305 3352 1389 3415 Tert.

235 3454 495 3537 confictarum*)‚
517 3454 632 3519 deinde
655 3453 812 3538 expositio
834 3453 1041 3519 notionum
1063 3452 1259 3535 quarundam
1282 3469 1391 3515 earum

235 3655 345 3709 Renier.
356 3685 388 3695 -
400 3653 475 3709 Nota
486 3671 524 3710 cr.
536 3648 696 3723 significata
706 3669 741 3710 ea
751 3654 890 3709 vocabula
900 3658 989 3718 erunt,
1000 3665 1116 3719 quorum
1125 3647 1208 3703 leutio
1219 3661 1324 3716 anceps
1336 3651 1389 3701 est.

234 3743 347 3799 Numeri
366 3751 430 3798 sunt
449 3742 580 3799 editionis
596 3743 671 3798 Tert.
690 3742 875 3798 Oehlerianae
894 3756 928 3796 ea
954 3740 1076 3794 nondum
1104 3742 1231 3794 exstante
1259 3735 1390 3791 emenda·

233 3833 320 3900 tiore,
348 3846 431 3902 quam
459 3831 589 3888 exhibere
616 3830 772 3885 Academia
804 3831 955 3886 litterarum
983 3826 1212 3884 vindobonensis
1244 3825 1298 3881 sibi
1326 3840 1390 3893 pro·

255 3922 336 3977 osuit.

234 3938 253 3990 p
307 4010 337 4078 *J
353 4011 391 4086 'ln
410 4010 569 4063 cecitate
587 4014 681 4062 autem
699 4006 743 4062 bis
762 4023 823 4063 voe,
845 4004 1032 4061 adiudicanda
1049 4003 1231 4060 auctoritates
1252 4001 1392 4071 sequimur

214 4185 280 4259 ,de
299 4186 406 4253 Vite,
433 4190 463 4239 et
480 4184 532 4240 viri
552 4185 628 4261 illius
651 4185 807 4241 doctissimi
826 4182 1008 4251 eiusdemque
1026 4183 1054 4237 in
1078 4181 1234 4252 posteriore
1253 4179 1392 4234 latinitate

234 4273 428 4345 versatissimi,
447 4272 631 4330 Pauckera'.
