3098 4922
262 1565 516 1630 Christianae
531 1565 692 1631 doctrinae
713 1565 742 1629 vi
760 1584 875 1629 novum
889 1565 1048 1647 quendam
1060 1565 1102 1630 ab
1121 1566 1245 1650 integro
1264 1588 1334 1634 sae·

161 1667 298 1732 -clorum
312 1673 420 1731 natum
442 1686 513 1731 esse
535 1666 677 1731 ordinem
700 1685 762 1730 non
784 1667 885 1729 solum
907 1665 941 1729 in
961 1665 1101 1730 moribus
1121 1666 1335 1751 institutisque

177 1767 389 1831 Romanorum
412 1767 469 1831 sed
497 1766 592 1831 etiam
613 1766 647 1830 in
673 1765 785 1830 litteris
808 1784 915 1830 eorum
937 1770 969 1830 et
995 1765 1117 1831 solutae
1144 1773 1176 1832 et
1196 1769 1335 1834 numeris

177 1866 301 1931 vinctae
330 1866 482 1931 orationis
508 1867 619 1949 negari
651 1886 850 1949 nequaquam
880 1871 994 1948 potest.
1044 1865 1134 1942 Quae
1165 1888 1235 1933 curn
1263 1874 1336 1951 post

178 1966 305 2031 brevem
322 1967 511 2031 viriditatem
529 1972 761 2032 marcescerent
775 1971 814 2047 et,
837 1971 872 2030 ut
887 1966 932 2029 ita
947 1965 1062 2048 dicam,
1083 1968 1170 2033 velut
1186 1969 1218 2033 in
1233 1990 1334 2054 opaco

177 2066 269 2130 situm
294 2066 452 2148 quendam
474 2067 626 2131 ducerent
647 2087 687 2131 ex
707 2071 879 2149 argenteae
902 2085 996 2148 quarn
1024 2074 1141 2132 vocant
1169 2070 1335 2135 latinitatis

176 2166 272 2246 vitiis,
295 2186 403 2231 eorum
426 2166 479 2248 qui
501 2165 715 2232 Christianam
737 2166 911 2232 doctrinam
931 2167 1068 2251 amplexi
1091 2174 1181 2253 erant
1206 2169 1334 2252 quidam

131 2352 135 2357 .
177 2266 262 2331 dooti
283 2286 399 2332 novam
414 2267 573 2348 quandam
596 2273 627 2331 et
641 2265 853 2331 adventiciam
868 2266 981 2331 Latine
1005 2267 1164 2332 scribendi
1179 2269 1334 2334 rationem

176 2366 312 2448 ingressi
335 2372 416 2448 sunt,
440 2386 532 2449 quae,
555 2387 624 2430 curn
647 2367 785 2432 externis
808 2375 902 2450 atque
924 2367 1102 2451 importatis
1119 2369 1256 2434 maxime
1279 2368 1334 2434 ad·

176 2467 333 2531 miniculis
348 2465 603 2550 progrederetur,
626 2487 646 2530 a
667 2470 806 2550 genuina
828 2488 867 2532 ac
886 2468 977 2550 quasi
994 2467 1168 2532 domestica
1185 2468 1334 2550 antiquae

176 2567 329 2658 orationis
350 2566 483 2632 Latinae
507 2567 620 2633 virtute
642 2587 737 2649 quam
758 2569 895 2632 maxime
923 2567 1055 2633 recessit
1075 2574 1106 2632 et
1126 2560 1185 2651 pro
1212 2567 1334 2650 origine

175 2686 235 2732 sua
257 2674 290 2731 ut
313 2667 416 2732 dicam
438 2669 650 2732 transmarina
670 2667 884 2732 valetudinem
905 2668 990 2732 illius
1013 2667 1076 2732 iarn
1097 2686 1159 2731 non
1174 2667 1334 2750 integram

175 2767 382 2832 labefactavit
404 2775 434 2832 et
455 2768 633 2832 infirmavit.
678 2768 922 2833 Universitatem
945 2767 1028 2832 enim
1050 2767 1177 2851 generis
1204 2767 1334 2832 humani

176 2888 246 2933 cum
268 2867 454 2951 amplexura
468 2874 553 2933 esset
569 2868 737 2951 disciplina
752 2868 942 2949 Christiana,
965 2887 1005 2932 ne
1026 2867 1058 2931 in
1077 2867 1189 2932 litteris
1207 2867 1333 2950 quidem

175 2970 320 3055 angustis
334 2969 550 3033 translaticiae
573 2976 605 3033 et
626 2969 717 3050 quasi
734 2969 881 3052 publicae
903 2968 1069 3033 latinitatis
1086 2967 1201 3032 finibus
1223 2988 1258 3033 se
1274 2966 1334 3033 cir·

175 3068 344 3134 cumscribi
369 3088 467 3152 passa
489 3076 550 3152 est,
583 3069 641 3134 sed
667 3070 761 3134 altius
789 3070 919 3133 evolans
947 3068 1098 3133 orationis
1126 3068 1334 3133 instrumenta

175 3174 229 3233 aut
259 3168 424 3232 immutata
451 3176 505 3233 aut
533 3169 728 3235 extrinsecus
758 3168 904 3234 alicunde
933 3170 1031 3253 petita
1062 3188 1125 3232 non
1153 3167 1248 3232 modo
1269 3188 1332 3233 non

173 3270 295 3351 respuit
316 3268 373 3332 sed
394 3268 489 3333 facile
511 3267 707 3350 libenterque
730 3269 866 3333 admisit.
911 3269 1176 3345 Huncorationis
1198 3266 1331 3333 Latinae

174 3389 290 3434 novum
313 3368 454 3433 habitum
476 3368 732 3451 incognitumque
750 3376 844 3434 antea
864 3369 1000 3433 colorem
1018 3369 1126 3451 aliqua
1143 3369 1270 3452 quidem
1293 3389 1333 3434 ex

175 3476 264 3552 parte
294 3469 485 3552 perscrutari
515 3469 600 3533 haud
626 3470 751 3552 pigebit
777 3470 920 3535 homines
949 3468 1104 3534 litteratos
1133 3470 1333 3552 maximeque

173 3569 356 3653 philologos
378 3588 484 3633 secum
513 3575 710 3653 reputantes,
738 3589 832 3650 quarn
861 3570 959 3633 multa
984 3570 1059 3634 inde
1086 3576 1117 3634 et
1146 3570 1332 3634 eruditionis

173 3676 301 3734 nostrae
317 3669 498 3733 adiumenta
520 3675 551 3733 et
572 3669 750 3752 linguarum
772 3669 897 3734 illarum
920 3689 1002 3752 quae
1025 3670 1206 3734 aRomana
1221 3670 1332 3753 lingua

174 3770 329 3853 originem
344 3769 500 3833 duxerunt
521 3769 716 3835 incrementa
738 3776 769 3834 et
786 3769 951 3834 latinitatis
964 3788 1046 3851 quae
1069 3769 1182 3834 dicitur
1204 3771 1331 3835 eccle·

174 3869 370 3934 siastieae
392 3869 536 3953 profecta
550 3869 613 3934 sint
626 3868 778 3934 subsidia.
813 3870 917 3933 Etiam
929 3870 977 3949 iis,
1001 3868 1054 3951 qui
1069 3869 1270 3951 theologicae
1285 3868 1331 3933 di·

173 3960 328 4054 sciplinae
350 3989 480 4053 operam
499 3969 586 4051 dant,
608 3990 648 4034 ex
669 3989 727 4034 usu
749 3969 815 4034 iore
829 3989 1003 4054 speramus,
1027 3969 1171 4052 quaestio
1194 3968 1221 4032 si
1243 3968 1331 4033 insti-

172 4071 279 4150 tuitur,
302 4078 420 4152 quanta
438 4070 620 4135 adiumenta
639 4070 856 4136 ecclesiastica
875 4070 977 4135 oratio
990 4069 1103 4134 Latina
1121 4068 1194 4133 inde
1212 4069 1332 4153 ceperit

172 4190 268 4235 voces
289 4176 344 4234 aut
364 4170 428 4234 iam
450 4176 610 4234 exstantes
633 4171 665 4234 in
686 4190 777 4235 suum
804 4190 920 4236 novum
942 4189 1032 4234 usum
1062 4171 1253 4235 assumendo
1276 4178 1331 4236 aut

172 4290 272 4335 novas
295 4270 532 4336 conformando.
575 4270 647 4348 Qua
671 4269 704 4335 in
732 4271 917 4353 quaestione
944 4274 1065 4334 tantum
1093 4270 1201 4354 abest,
1226 4276 1261 4335 ut
1288 4270 1329 4336 ad
1380 4316 1384 4325 ·
