3098 4922
716 247 903 314 ..g-

234 426 415 512 praeceptis
443 428 513 511 ipse
542 428 676 493 laborat.
720 427 817 510 Atqui
843 427 988 493 omnibus
1017 426 1211 511 temporibus
1236 427 1394 491 Romano-

234 548 303 593 rum
332 528 509 611 ·scriptores
542 527 574 591 in
611 527 705 611 copia
735 528 902 593 verborum
932 527 1061 610 linguae
1092 526 1226 590 Latinae
1258 526 1300 591 ad
1337 525 1392 590 fin·

234 628 358 712 gendes
391 647 492 693 novas
522 646 618 692 voces
648 647 706 712 per
740 647 775 692 se
807 628 885 692 satis
912 633 1006 711 aptae
1040 626 1231 709 adaugenda
1258 625 1393 691 desuda·

235 729 312 794 bant
342 747 444 811 neque
471 735 643 811 argenteae
676 727 802 811 quidem
824 727 989 793 latinitatis
1020 728 1206 812 scriptores,
1239 725 1393 810 imprimis

235 834 367 912 potae,
390 829 605 909 abhorrebant
626 849 646 892 a
673 828 837 894 vocabulis
867 827 994 893 aliunde
1020 828 1207 912 praesertim
1229 847 1247 891 c
1270 827 1394 891 Graeca

235 929 346 1012 lingua
367 928 514 1012 petendis
536 947 675 1010 suaeque
703 928 837 992 orationi
865 927 1058 1011 ingerendis.
1102 928 1191 994 Haec
1218 926 1394 992 necessitas

236 1036 267 1094 et
288 1049 388 1094 novas
410 1028 550 1110 fingendi
579 1046 675 1092 voces
701 1034 733 1093 et
758 1036 889 1093 externa
918 1027 1118 1092 adsciscendi
1145 1028 1276 1112 linguae
1304 1027 1393 1092 adiu·

234 1135 342 1195 menta
364 1136 395 1194 et
415 1128 608 1193 adminicula
618 1128 687 1193 fieri
704 1148 766 1193 non
787 1129 889 1211 potuit
905 1128 979 1209 quin
997 1127 1134 1192 maxime
1148 1127 1395 1193 Christianis

235 1225 507 1314 scriptoribus
529 1228 684 1292 Latinis
706 1229 873 1294 exsisteret
894 1249 952 1313 per
973 1248 1008 1293 sc
1028 1229 1108 1313 ipsis
1129 1229 1301 1293 maximam
1321 1234 1394 1314 par2

235 1336 298 1396 tem
322 1348 362 1394 ex
388 1328 487 1394 initiis
510 1330 589 1414 ipsis
611 1330 801 1412 integrae
829 1335 866 1393 et
893 1330 1163 1411 elegantioris
1192 1330 1394 1396 orationis

235 1429 469 1495 incuriosis.
512 1429 572 1494 His
594 1429 697 1494 lacem
722 1428 871 1513 praetulit
891 1429 1105 1494 Tertullianus
1126 1429 1187 1513 ita,
1217 1435 1252 1495 ut
1274 1437 1311 1495 et¹
1326 1449 1394 1495 no·

234 1550 305 1595 vas
326 1549 448 1595 voces
469 1529 629 1613 tingere
653 1535 689 1594 et
705 1549 842 1612 vocum
864 1528 942 1593 iam
960 1531 1208 1595 exstantium
1228 1530 1394 1613 signifi-

236 1630 420 1696 cationes
443 1636 509 1694 aut
529 1636 680 1695 mutare
702 1635 738 1695 ct
759 1630 1015 1714 amplificare
1037 1637 1102 1695 aut
1123 1638 1316 1697 externas
1338 1636 1394 1695 at·
1453 1643 1463 1653 ·

236 1751 309 1813 que
331 1729 592 1795 adventiciae
613 1731 785 1795 in‘suum
806 1750 913 1795 usum
937 1729 1131 1795 adhibere
1154 1730 1232 1795 nihil
1253 1730 1395 1796 reformi-

236 1830 328 1895 daret
353 1830 415 1895 hac
435 1831 468 1894 in
495 1829 620 1894 dicendi
646 1831 768 1894 ratione
795 1830 896 1914 ipsius
915 1829 1076 1919 Ciceronis
1103 1831 1300 1896 auctoritate.
1320 1850 1394 1897 usus

237 1930 527 2014 quodammodor).
564 1929 741 2014 Oportebat
756 1931 838 1995 enim
862 1931 956 1995 etiam
977 1931 1010 1995 in
1027 1932 1169 1996 oratione
1183 1929 1298 1995 Latina
1320 1950 1395 2011 „ao-
1438 2015 1442 2021 Ι
1542 1964 1543 1981 r

187 2052 189 2056 ·
234 2052 307 2111 aum
327 2032 411 2097 iilud
430 2034 537 2095 cirrum
558 2030 774 2114 (Christianae
796 2031 976 2112 doctrinae)
1002 2034 1090 2096 accis
1115 2030 1238 2095 utribus
1268 2032 1397 2095 recondi

236 2138 265 2196 et
284 2150 397 2196 aecum
413 2131 581 2216 plagulam
599 2149 678 2194 aceo
700 2130 794 2194 adsui
813 2134 1011 2196 aestimcat0“
1030 2131 1083 2215 (ct.
1098 2131 1183 2195 Tert.
1197 2132 1243 2195 De
1256 2131 1335 2197 Orat
1349 2131 1394 2216 l).

237 2232 294 2296 Cui
316 2231 500 2297 necessitati
522 2231 567 2295 ita
593 2230 750 2295 satisfecit
769 2233 874 2311 Tert,
902 2237 937 2296 ut
958 2232 1059 2296 oratio
1088 2231 1155 2296 cius
1184 2231 1328 2313 quamvis
1349 2230 1395 2294 in-

237 2332 369 2414 quinata
401 2336 432 2395 ct
459 2329 552 2395 novis
580 2339 611 2395 et
638 2331 817 2414 peregrinis
846 2332 953 2397 verbis
985 2332 1130 2413 „auctrix
1159 2337 1191 2396 et
1222 2330 1396 2395 initiatrix“

235 2449 366 2516 prorsus
387 2431 461 2495 novi
483 2431 568 2496 illius
598 2430 724 2495 dicendi
751 2431 894 2514 generis,
924 2430 1215 2512 ecclesiastici,
1248 2432 1394 2512 evaserit,

237 2531 413 2613 eademque
435 2531 477 2595 ad
503 2530 759 2614 locupletandam
784 2530 928 2595 Latinam
950 2531 1092 2614 linguam
1119 2530 1299 2596 universam
1327 2550 1395 2614 per-

236 2632 366 2696 multum
378 2632 522 2712 valuerit,
536 2632 568 2694 id
586 2630 670 2713 quod
685 2629 739 2694 vix
752 2631 919 2713 quisquam
935 2631 1118 2696 infitiabitur
1133 2631 1184 2696 vel
1196 2630 1397 2697 mediocriter

236 2731 268 2796 in
294 2731 439 2814 legendis
467 2731 556 2796 libris
583 2730 650 2795 eius
676 2735 830 2795 versatus.
880 2731 965 2796 Sane
992 2731 1119 2813 quidem
1140 2732 1298 2797 neminem
1318 2733 1396 2796 istos

190 2850 192 2853 ·
236 2832 395 2914 legentem
410 2831 492 2913 fugit
504 2830 629 2896 dicendi
647 2849 748 2914 genus
760 2831 855 2910 Tert,
867 2838 1090 2914 praeterquam
1105 2832 1188 2914 quod
1199 2834 1330 2897 multum
1342 2832 1396 2896 ob·

236 2951 361 2996 scuram
374 2937 468 3014 atque
484 2931 692 3014 caliginosum
706 2931 878 3013 crebroque
896 2932 937 2996 ad
949 2938 1069 2996 tantam
1082 2932 1285 2997 acerbitatem
1300 2951 1396 3014 exag-

236 3037 379 3112 geratum
395 3031 445 3108 sit,
467 3037 500 3095 ut
521 3031 613 3100 buius
635 3031 708 3096 libri
725 3031 854 3113 quidam
875 3052 938 3097 non
955 3038 1131 3097 atramento
1154 3032 1211 3096 sed
1227 3032 1301 3097 felle
1324 3052 1396 3097 con-

237 3132 346 3216 scripti
363 3151 434 3197 esse
448 3130 624 3213 videantur,
647 3130 861 3196 abalienatum
880 3150 943 3195 non
958 3132 1053 3196 modo
1070 3153 1090 3196 a
1106 3152 1186 3216 pura
1198 3131 1396 3198 Ciceroniani

237 3232 391 3296 sermonis
418 3231 600 3313 integritate
627 3231 685 3296 sed
715 3233 808 3296 etiam
832 3233 871 3296 ab
900 3219 1080 3313 aequalium
1110 3233 1298 3317 scriptorum
1324 3252 1395 3317 pro·

236 3332 371 3416 prietate
393 3330 588 3413 farraginem
618 3332 777 3415 quandam
799 3332 982 3397 Latinarum
1005 3338 1036 3397 et
1064 3339 1262 3397 externarum
1283 3352 1395 3398 vocum

237 3450 308 3496 esse
329 3439 560 3516 repugnantem
581 3438 613 3497 ct
636 3432 858 3497 adversantem
887 3451 982 3496 verae
1003 3432 1169 3497 latinitatis
1192 3439 1323 3497 naturae
1345 3451 1395 3497 us·

196 3553 198 3559 ¹
238 3552 299 3615 que
321 3551 376 3614 eo,
398 3538 433 3597 ut
454 3532 599 3598 omnibus
621 3531 816 3616 temporibus
838 3538 968 3616 propter
987 3532 1139 3596 incuriam
1170 3551 1270 3615 purae
1298 3538 1329 3597 et
1350 3533 1396 3597 in·

310 3792 340 3860 ⁸)
362 3791 418 3847 Cic.
438 3790 474 3846 de
491 3787 539 3847 fin.
552 3793 599 3860 Ill,
610 3793 635 3857 2,
651 3796 682 3850 5:
702 3793 833 3863 ,‚andsi
850 3793 882 3846 ia
901 3791 1036 3861 (Gracco)
1051 3791 1151 3861 licque
1169 3807 1329 3847 concessum
1347 3799 1395 3860 cst,

236 3885 269 3945 ut
287 3880 442 3935 doctissimi
460 3881 584 3935 bomiacs
603 3882 636 3935 dc
653 3881 737 3935 rebus
754 3897 811 3936 aco
826 3882 991 3950 pervagatis
1010 3881 1159 3935 inusitatis
1176 3881 1267 3935 verbis
1286 3885 1395 3935 nterea

236 3974 292 4034 tur,
312 3975 417 4039 quanto
434 3969 466 4023 id
483 3971 574 4040 magis
593 3971 673 4024 nobis
692 3976 733 4024 cst
751 3970 971 4035 concedendam,
991 3971 1041 4039 qui
1058 3985 1092 4022 cu
1109 3985 1186 4022 abac
1201 3972 1327 4037 primam
1344 3985 1396 4022 cu·

237 4057 334 4111 demas
353 4055 531 4127 uttiaqcrffl?
547 4057 615 4114 ibid.
634 4059 686 4125 ΙΠ,
707 4062 738 4124 1,
757 4061 790 4115 3:
820 4059 1009 4127 „imponenda
1036 4063 1103 4112 suat
1128 4073 1201 4111 acca
1219 4058 1301 4112 rebus
1316 4059 1397 4112 accis

237 4146 367 4212 aomiaa3
397 4144 430 4199 N.
449 4145 484 4199 D.
503 4147 533 4212 l,
552 4147 601 4215 17,
621 4148 675 4203 44:
706 4153 793 4215 „suat
816 4149 889 4201 caim
906 4148 989 4202 rebus
1007 4148 1087 4202 accis
1104 4162 1178 4201 acea
1194 4145 1328 4214 portenda
1345 4161 1394 4200 ao·

216 4234 344 4290 *raiaa‘fi
