3098 4922
620 301 827 365 ..11-

138 482 226 548 Tert.
243 481 457 567 propriarum,
492 481 576 546 unde
604 480 816 565 perspicuitas
850 479 958 561 aliqua
984 477 1040 542 fiat
1066 483 1098 543 et
1119 474 1300 542 ambitus

139 589 175 648 et
195 582 335 664 signifi
344 588 457 647 catus
470 581 582 646 horum
594 580 679 665 apud
692 583 776 645 Tert.
791 580 1051 645 creberrimorum
1063 576 1300 642 vocabulorum.

138 682 262 747 Horum
288 689 393 747 autem
421 687 592 766 proventus
620 701 690 746 curn
711 681 776 745 iam
798 687 870 746 ante
892 680 979 744 illum
1001 677 1034 741 in
1056 677 1175 760 optima
1197 676 1300 741 latini·

137 787 205 847 tate
232 782 386 866 imprimis
410 781 571 847 Ciceronis
593 800 728 863 magnus
757 780 865 857 fuerit,
897 778 982 862 apud
1014 777 1208 860 posteriores
1229 775 1299 839 Lat.

139 881 312 966 scriptores
334 882 521 967 praesertim
544 883 635 961 eccl,
664 881 801 945 maxime
823 879 909 963 apud
931 876 1158 962 Augustinum,
1184 877 1216 939 in
1238 878 1300 941 lar·

138 980 306 1066 gissimam
327 983 502 1047 ubertatem
524 979 641 1045 effusus
663 987 728 1062 est,
759 980 844 1045 unde
867 999 975 1044 eorum
997 980 1096 1042 multa
1117 977 1150 1039 in
1173 975 1301 1057 linguas

137 1082 214 1147 illas
235 1081 430 1146 redundasse
452 1082 536 1146 infra
557 1080 756 1158 docebimus,
780 1099 861 1162 quae
883 1099 904 1143 a
924 1078 1039 1143 Latino
1061 1095 1206 1142 sermone
1229 1095 1301 1159 pro-

138 1183 245 1247 fectae
273 1188 429 1265 nataeque
452 1188 533 1246 sunt.
576 1181 765 1263 Priusquam
787 1186 891 1245 autem
913 1178 974 1243 hoc
995 1176 1223 1242 vocabulorum
1246 1196 1301 1258 ge·

137 1302 201 1348 nus
227 1281 332 1366 ipsum
361 1281 588 1348 recensendum
617 1281 785 1363 adeamus,
816 1280 897 1345 haec
923 1276 1162 1363 praemonenda
1188 1275 1302 1342 viden·

139 1388 194 1448 tur
216 1403 299 1449 esse.

224 1483 314 1548 Haec
335 1502 448 1547 vocum
468 1481 644 1548 verbalium
665 1482 698 1546 in
719 1489 780 1547 tor
794 1481 973 1546 exeuntium
990 1478 1135 1545 recensio
1155 1498 1224 1544 cum
1238 1497 1302 1543 non

138 1589 287 1649 versetur
309 1582 405 1647 velim
427 1583 489 1648 nisi
510 1584 543 1647 in
565 1602 664 1648 nove
687 1582 801 1649 fictis
824 1601 844 1645 a
864 1581 949 1646 'lert
971 1579 1151 1660 vocabulis,
1173 1596 1302 1662 separa·

138 1683 261 1749 tionem
275 1684 434 1766 quandam
446 1683 514 1748 tieri
527 1683 683 1749 voluimus
696 1703 813 1767 eorum,
836 1701 918 1765 quae
940 1682 1050 1747 solus
1067 1679 1122 1745 ille
1138 1685 1192 1742 aut
1203 1678 1303 1742 semel

140 1789 197 1848 aut
209 1784 338 1867 saepius
352 1784 491 1866 protulit,
504 1783 606 1867 abiis,
623 1803 754 1866 quorum
766 1783 835 1867 ipse
847 1783 908 1867 pri
918 1801 999 1847 mus
1012 1786 1121 1846 auctor
1135 1784 1192 1859 est,
1207 1777 1302 1860 unde,

141 1903 225 1966 quae
258 1883 299 1947 sit
324 1884 504 1968 proprietas
521 1884 606 1948 Tert.
630 1881 755 1948 dicendi
783 1883 910 1966 generis
942 1879 1055 1946 hocin
1078 1897 1211 1961 genere,
1244 1877 1302 1941 ali·

142 2002 207 2066 qua
228 1983 355 2065 quidem
378 2003 417 2047 ex
443 1992 533 2067 parte
551 1985 693 2048 eluceat.
737 1983 860 2067 Deinde
889 2002 1002 2047 vocum
1034 1978 1156 2061 aliquot
1185 1997 1303 2041 memo-

142 2089 214 2148 ratu
236 2083 415 2166 digniorum
437 2083 622 2148 notiones
643 2083 729 2167 apud
749 2083 835 2150 Tert.
857 2101 959 2147 novae
982 2083 1197 2163 exponantur,
1219 2077 1303 2142 unde

142 2183 350 2265 intelligatur,
373 2184 531 2265 quomodo
548 2184 632 2248 Tert.
658 2189 689 2248 et
709 2183 951 2266 amplificaverit
971 2200 1084 2245 vocum
1106 2177 1250 2242 notiones
1272 2181 1305 2240 et

144 2283 322 2350 condiderit
343 2284 673 2349 ecclesiasticum
694 2284 819 2349 dicendi
842 2302 943 2367 genus
963 2280 1158 2344 Latinum.

226 2384 367 2449 Primum
383 2389 487 2448 autem
505 2384 683 2466 quaestioni
706 2403 725 2448 a
746 2384 838 2449 nobis
859 2382 1022 2448 institutae
1034 2377 1229 2444 satisfacturi
1247 2397 1303 2442 no·

142 2484 194 2549 bis
206 2484 349 2550 videmur
361 2502 441 2561 esse,
454 2483 481 2546 si
493 2484 614 2566 aliquot
628 2484 752 2549 collatis
767 2484 847 2549 locis
864 2483 1001 2549 breviter
1016 2477 1302 2563 explanaverimuS,

143 2582 303 2667 quomodo
324 2583 412 2649 Tert.
432 2583 633 2649 adversus
654 2584 793 2667 priorum
815 2584 1003 2667 scriptorum
1023 2578 1150 2645 dicendi
1172 2596 1302 2642 consue·

142 2684 285 2750 tudinem
316 2683 350 2747 in
376 2702 436 2748 usu
467 2683 579 2748 borum
608 2683 785 2748 verbalium
815 2703 884 2749 voc.
913 2688 1058 2748 versatus
1089 2678 1140 2743 sit.
1182 2677 1304 2741 Horum

143 2785 328 2867 largissima
349 2783 435 2867 apud
448 2783 533 2847 Tert.
547 2782 758 2848 redundantia
774 2783 848 2848 inde
868 2783 1023 2867 imprimis
1045 2790 1120 2847 nata
1137 2787 1193 2862 est,
1218 2781 1304 2863 quod

143 2884 198 2949 ille
211 2883 420 2967 praemissam
442 2883 582 2965 aliquam
604 2870 792 2947 sententiam
810 2903 872 2948 unc
896 2904 936 2949 ex
956 2884 1006 2947 bis
1021 2883 1204 2947 verbalibus
1219 2900 1303 2945 com·

143 2984 241 3068 plecti
266 2984 356 3064 solet,
378 2983 462 3047 unde
486 2982 528 3046 ad
549 2983 706 3047 fictionem
729 2984 897 3048 multarum
919 2984 1028 3047 talium
1051 3003 1165 3048 vocum
1186 2981 1303 3048 adduc·

143 3091 194 3149 tus
218 3089 280 3148 est:
307 3084 347 3148 cf.
369 3083 429 3148 Mc,
451 3082 514 3164 IV,
535 3082 593 3162 26,
615 3082 670 3146 ubi
693 3082 809 3148 dictum
830 3084 909 3149 illud
927 3083 1055 3149 Domini
1078 3083 1304 3167 praemissum:

143 3184 245 3266 „deote'
265 3186 319 3268 qui
338 3201 507 3248 ommonem
529 3181 592 3246 Dei
610 3184 744 3248 audieret
767 3192 795 3249 et
806 3184 958 3266 faaoot‘
981 3185 1070 3266 (Luc.
1087 3186 1136 3266 11,
1151 3182 1205 3264 28)
1229 3202 1303 3248 oon-

145 3285 273 3366 stringit
294 3285 326 3348 in
358 3284 434 3348 boc:
466 3282 647 3364 „auditores
669 3291 697 3348 et
718 3284 909 3349 obsecutores
931 3285 991 3349 Dee'
1006 3285 1200 3368 praefert.“;
1228 3283 1304 3348 item

144 3383 205 3449 Mc.
218 3384 256 3466 V,
274 3384 324 3466 18,
346 3383 401 3449 ubi
423 3383 476 3465 qui
500 3383 541 3447 ab
562 3383 660 3448 Amos
682 3383 839 3468 propheta
856 3385 1056 3468 appellantur
1077 3392 1204 3467 ,potum
1225 3385 1304 3449 dorr-

144 3493 189 3550 tes
210 3487 327 3549 coactis
353 3486 429 3549 meis
452 3485 581 3549 oioom“
602 3484 653 3566 (2,
676 3484 729 3567 12)
752 3491 785 3549 ut
812 3493 990 3566 „coactores
1010 3486 1237 3550 inebriatorea“
1258 3484 1304 3549 in-

146 3590 331 3669 crepantur3
362 3585 414 3648 vel
434 3583 514 3649 Pud.
537 3584 575 3665 2,
605 3585 658 3650 ubi
681 3585 783 3666 Deus,
816 3586 869 3667 qui
902 3589 1038 3668 „mavolt
1056 3586 1306 3651 misericordiore

145 3705 238 3770 quom
269 3685 478 3767 soomfloe'om“
513 3684 587 3769 (Me.
610 3684 654 3766 ll,
678 3684 718 3751 17
744 3704 785 3749 ex
806 3685 883 3750 Hos.
906 3687 944 3768 6,
966 3688 1020 3768 6),
1053 3680 1306 3769 „misericordiae

139 3786 306 3870 praelator
326 3805 419 3868 quom
440 3785 611 3862 suomficiffl
632 3790 776 3866 vocatur,
798 3784 858 3850 Mc.
872 3785 926 3866 IV,
948 3786 989 3853 28
1011 3791 1042 3849 et
1062 3786 1157 3850 Prax.
1180 3785 1231 3865 26,
1251 3785 1305 3850 ubi

144 3886 182 3968 ii,
209 3887 263 3969 qai
283 3885 458 3967 confessuri
478 3887 542 3950 seat
568 3886 617 3949 rel
636 3887 783 3970 nepotari
805 3885 963 3950 Christum
984 3904 1086 3950 eoram
1112 3885 1306 3951 laetatae<

147 3985 240 4065 (Luc.
263 3985 316 4066 12,
340 3985 370 4052 8.
392 3985 455 4068 a),
477 3987 669 4069 confessores
689 3990 721 4048 et
740 3992 904 4070 negatores
926 3985 1044 4050 Christi
1065 3984 1221 4051 dicuntur.
1265 3987 1307 4050 Et

145 4085 191 4151 sic
208 4104 316 4168 saepe.
351 4085 421 4150 Hoc
442 4086 537 4151 modo
559 4085 639 4151 haec
662 4085 805 4150 verbalia
819 4086 962 4169 proxime
980 4085 1132 4151 accedero
1150 4083 1193 4149 ad
1209 4086 1306 4168 parti·

145 4185 299 4269 cipiorum
327 4185 429 4251 vicem
460 4186 492 4250 hi
515 4185 630 4252 docent
653 4184 735 4264 loci,
768 4185 822 4249 ubi
845 4185 901 4249 illa
923 4191 955 4249 et
976 4185 1057 4250 baec
1087 4185 1224 4250 invicem
1250 4206 1305 4251 va·

144 4286 222 4353 riat:
251 4285 311 4353 Mc.
334 4285 389 4369 IV,
413 4285 454 4354 36
476 4286 564 4351 Deus
587 4284 701 4351 dicitur
722 4286 876 4351 otleootor
895 4285 1061 4351 domitium
1082 4292 1111 4351 et
1132 4285 1308 4356 destruetor
