3098 4922
605 296 811 363 ..13-

128 494 245 542 vocum
263 475 418 558 imprimis
440 495 502 560 ope
512 476 708 543 Tertulliano
730 476 870 542 usitatis:
893 476 932 541 cf.
955 475 1034 541 Pud.
1046 476 1087 544 16
1107 476 1218 541 melias
1231 475 1290 559 fa·

128 596 200 641 cere
215 578 406 660 pronuntiat
429 576 489 660 (sc.
513 577 641 659 Paulus,
665 578 682 642 1
706 577 777 643 (lor.
799 577 836 652 7,
859 576 909 644 38.
932 575 990 661 40)
1011 579 1145 661 cirpiuis
1165 596 1287 642 couscr-

125 683 268 741 uatorcm
289 696 382 761 quom
404 685 616 761 erogatorem
637 677 820 759 Me.1v,22
841 678 924 742 alter
945 677 1004 761 (sc.
1018 676 1159 760 Moyses)
1177 679 1293 762 populi

124 777 320 852 iuformator
340 778 525 862 octaceoc,
554 779 636 842 alter
660 778 722 862 (sc.
746 778 854 863 Elias)
879 777 1071 860 reformator
1097 778 1290 863 quandoque,

125 877 212 941 alter
231 877 376 940 initiator
389 879 500 941 ceteris
517 881 701 958 testamenti,
722 879 805 942 alter
819 884 1049 942 consummator
1063 880 1155 958 uooi;
1176 877 1210 941 0.
1222 877 1289 944 en

124 997 184 1041 uec
205 983 401 1042 mortuoram
422 980 632 1059 resuscitator,
653 980 708 1043 sed
727 982 868 1043 cicorum
889 985 1037 1042 caecator
1060 981 1117 1059 (sc.
1130 977 1287 1059 Christus)
1400 1032 1403 1037 .

126 1083 188 1141 etc.
233 1076 410 1142 Memoratu
432 1077 562 1161 dignum
584 1078 645 1144 hoc
666 1078 801 1161 denique
823 1078 1053 1161 videturesse,
1087 1077 1172 1161 quod
1193 1097 1289 1143 voees

125 1178 211 1242 tales
234 1176 355 1260 profert
376 1178 417 1242 ab
438 1177 647 1247 intransitivis
668 1179 773 1244 verbis
794 1179 907 1243 ductas
928 1178 1121 1259 easdemque
1143 1197 1212 1241 cum
1234 1197 1289 1260 ge-

127 1277 245 1341 netiuis
260 1276 334 1341 inde
348 1276 559 1360 pendentibus
572 1278 765 1359 coniunctas,
783 1278 823 1343 cf.
836 1285 1012 1343 assentator
1023 1280 1103 1343 mali
1112 1278 1220 1343 Herm.
1233 1277 1288 1357 103
1389 1276 1392 1285 '

128 1378 326 1442 leuociuator
345 1378 470 1463 gratiae
490 1377 550 1442 Mc.
562 1378 587 1462 1,
598 1380 653 1459 223
677 1378 835 1443 obsecutae
857 1378 925 1460 Dei,
947 1379 1025 1464 lepis
1045 1378 1105 1444 Mc.
1120 1378 1172 1460 IV,
1185 1377 1235 1445 26.
1252 1377 1289 1459 93

126 1476 314 1562 refragator
332 1481 559 1563 martyriorum
582 1480 694 1562 Scorp.
717 1480 747 1543 1.

211 1592 280 1657 Iam
299 1601 404 1659 autem
420 1598 544 1679 copiam
567 1598 678 1662 horum
696 1596 922 1661 vocabulorum
938 1594 1042 1679 ipsam
1058 1615 1097 1661 ex
1109 1614 1168 1660 usu
1184 1593 1288 1660 libris·

126 1712 190 1775 que
211 1693 297 1758 Tert.
321 1696 555 1778 congerendam
578 1705 673 1779 atque
694 1694 944 1779 percensendam
966 1695 1202 1779 aggrediamur,
1225 1715 1288 1778 quo

126 1793 160 1857 in
179 1812 312 1859 recensu
327 1793 561 1862 distinctionem
583 1795 743 1880 quandam
764 1795 795 1859 in
819 1794 1029 1878 congerendis
1050 1795 1089 1860 iis
1111 1795 1288 1875 vocabulis,

127 1912 211 1975 quae
234 1893 320 1979 apud
337 1895 422 1960 Tert.
441 1903 496 1960 aut
517 1899 643 1962 solum
667 1901 721 1961 aut
742 1894 905 1978 primum
928 1896 1085 1979 leguntur,
1107 1894 1288 1961 faciendam

126 2013 199 2059 esse
220 1995 410 2078 putavimus.
454 1995 655 2061 Seiunximus
684 1995 768 2060 enim
790 2014 829 2059 ee
856 1996 1013 2060 voeabula
1039 1995 1072 2059 in
1094 2001 1155 2060 tor
1182 1996 1287 2060 termi-
1356 2053 1360 2060 .

125 2101 220 2178 nata,
243 2116 374 2177 quorum
397 2096 522 2162 novitas
545 2097 659 2163 effecta
680 2116 744 2161 non
766 2102 814 2159 est
835 2094 896 2159 nisi
925 2096 1234 2180 compositionis
1256 2095 1288 2160 vi

125 2193 209 2275 (sive
231 2195 315 2277 quod
336 2215 394 2261 nos
415 2195 549 2263 dicimus
571 2196 692 2280 „durch
706 2194 1069 2281 Weiterbildung“)
1092 2215 1287 2279 quorumque

125 2296 286 2360 vocabula
307 2296 466 2381 simplicia
486 2298 550 2362 ism
580 2298 665 2381 apud
696 2296 867 2379 scriptores
895 2314 1011 2361 aureae
1033 2298 1085 2361 vel
1114 2304 1287 2380 argenteae

11 2436 13 2445 ·
124 2395 292 2460 latinitatis
315 2402 450 2478 exstant,
472 2399 514 2462 ab
537 2398 586 2479 iis,
609 2417 691 2480 quae
713 2384 1004 2481 prorsus'novu
1027 2416 1129 2479 neque
1152 2397 1288 2462 antehac

11 2486 12 2519 ³
124 2496 192 2560 ulla
214 2496 318 2560 forma
345 2499 474 2580 cognita
500 2500 551 2563 vel
581 2498 699 2563 usitata
727 2497 826 2562 fuisse
854 2497 1063 2562 inveniuntur.
1107 2497 1218 2579 Itaque
1248 2516 1288 2562 ea

11 2642 12 2675 3
124 2595 262 2680 primum
283 2616 502 2681 congeramus,
525 2618 606 2682 quae
629 2617 713 2663 nova
729 2597 944 2663 Tertullianus
965 2596 1056 2661 finxit
1078 2597 1109 2663 vi
1131 2616 1287 2679 compo·

126 2695 294 2761 sitionis
315 2697 383 2763 sive
405 2697 758 2782 amplificationis.
801 2696 923 2761 Horum
949 2705 1054 2763 autem
1082 2697 1204 2762 initium
1232 2696 1288 2760 fiut

126 2795 168 2861 ab
190 2796 241 2878 iis,
265 2816 347 2879 quae
368 2796 453 2863 Tert.
476 2798 604 2864 solius
625 2804 698 2865 sunt
714 2797 889 2879 eademque
911 2797 941 2863 ei
962 2795 1057 2875 ἅπαξ
1078 2795 1245 2886 εἰρημένα.

210 2961 240 3040 §-
263 2960 292 3023 1.
340 2959 522 3026 Invenimus
557 2967 662 3027 autem
696 2961 776 3028 haec
813 2960 890 3044 (14)
925 2958 1025 3026 Tert.
1055 2962 1135 3027 soli
1170 2959 1288 3026 usitata

127 3058 303 3141 eademque
323 3057 418 3138 ἅπαξ
439 3061 469 3127 ei
490 3059 646 3150 εἰρημένα
668 3059 892 3143 composita
912 3060 1056 3126 verbalia
1072 3062 1245 3129 vocabula:

209 3177 413 3242 Aaaactor
434 3179 577 3262 (auimae
596 3178 683 3244 Deus
702 3204 745 3235 =
767 3183 886 3259 auctor,
909 3182 971 3259 er.)
994 3179 1055 3245 An.
1078 3179 1108 3247 2.
1128 3216 1171 3228 --
1190 3179 1287 3244 ada·

126 3279 339 3359 reatori:
361 3279 501 3360 amator)
533 3279 567 3346 0.
589 3279 625 3343 F.
647 3279 678 3358 Ι,
700 3279 735 3359 2;
768 3279 970 3343 alteruter
996 3278 1178 3363 (tramittam
1203 3278 1288 3345 Deus
1393 3356 1395 3359 ¹

127 3403 167 3436 =
196 3378 249 3460 qui
277 3378 413 3463 allevat)
447 3378 507 3444 Me.
529 3379 587 3463 IV,
610 3378 667 3460 363
702 3385 883 3444 auocator
913 3380 1093 3463 (cicorum,¹
1117 3379 1287 3447 Marcionis

129 3478 282 3559 Christus,
305 3476 359 3559 qui
382 3480 473 3544 vivos
496 3498 632 3546 avocere
654 3478 754 3545 avita
775 3479 817 3543 ad
839 3485 971 3545 mortem
991 3480 1012 3544 i.
1025 3500 1052 3545 e.
1075 3499 1096 3544 a
1116 3486 1204 3546 recta
1224 3479 1287 3547 fide

128 3578 169 3644 ad
190 3577 350 3643 haeresim
369 3598 390 3643 a
409 3578 494 3644 Tert.
521 3579 647 3662 dicitur)
671 3579 706 3644 Ο.
728 3578 763 3643 0.
785 3581 821 3659 53
849 3580 1140 3645 circumductor
1164 3579 1288 3665 (Horas

128 3704 168 3736 =
188 3677 413 3760 Μεταγωγεύς
434 3678 455 3742 i.
479 3697 506 3743 e.
528 3679 620 3744 Aeon
642 3679 772 3761 quidem
793 3679 966 3761 Valentini)
989 3679 1129 3761 Val.10;
1151 3682 1287 3746 coude-

128 3785 266 3844 scrtor
286 3778 421 3862 (Apellis
443 3776 625 3864 [haeretiei]
654 3779 851 3862 Valeutiaus)
880 3778 914 3843 Ο.
937 3778 972 3843 0.
995 3782 1029 3861 13
1062 3779 1288 3845 demutatae

130 3881 193 3963 (·ea
214 3880 342 3962 ossium)
365 3878 401 3942 R.
424 3877 460 3942 O.
482 3880 540 3959 323
570 3880 853 3961 depostulator
876 3884 949 3959 (·es
972 3879 1222 3946 Christianorum
1242 3906 1288 3939 =

130 3980 180 4063 qui
212 3978 255 4043 ad
287 3976 477 4062 supplicium
509 3981 727 4063 expostulent)
757 3980 819 4063 Ap.
841 3979 898 4060 353
934 3979 1192 4064 despectator
1223 3979 1287 4062 (di-

129 4081 272 4145 oiaarum
302 4081 526 4144 seuteutiaram
555 4103 594 4138 =
629 4081 839 4163 contemptor)
873 4077 934 4144 Ux.
956 4078 1006 4162 11,
1028 4082 1065 4164 ὃς
1089 4078 1286 4163 praefor-

129 4187 253 4245 mator
286 4180 423 4262 (Apellis
457 4179 638 4265 [haeretici]
667 4177 828 4262 Marciou)
865 4180 900 4243 Ρ.
921 4179 962 4244 Η.
984 4180 1043 4259 3ος
1072 4181 1287 4265 praelator

131 4281 378 4367 (accusatius
394 4277 494 4366 'quau
517 4280 672 4364 *sacrificii
691 4279 777 4346 Deus
798 4305 843 4340 =
864 4278 917 4363 qui
945 4279 1087 4364 praefert
1107 4299 1133 4347 s.
1155 4286 1286 4367 autepo-
