<?xml version="1.0" encoding="UTF-8"?>
<!DOCTYPE html PUBLIC "-//W3C//DTD XHTML 1.0 Transitional//EN"
    "http://www.w3.org/TR/xhtml1/DTD/xhtml1-transitional.dtd">
<html xmlns="http://www.w3.org/1999/xhtml" xml:lang="en" lang="en">
 <head>
  <title>
</title>
<meta http-equiv="Content-Type" content="text/html;charset=utf-8" />
  <meta name='ocr-system' content='tesseract 3.04.00' />
  <meta name='ocr-capabilities' content='ocr_page ocr_carea ocr_par ocr_line ocrx_word'/>
</head>
<body>
  <div class='ocr_page' id='page_1' title='image "./inestcommentati00schmgoog_0012.png"; bbox 0 0 3098 4922; ppageno 0'>
   <div class='ocr_carea' id='block_1_1' title="bbox 653 270 837 335">
    <p class='ocr_par' dir='ltr' id='par_1_1' title="bbox 653 270 837 335">
     <span class='ocr_line' id='line_1_1' title="bbox 653 270 837 335; baseline 0.016 -21"><span class='ocrx_word' id='word_1_1' title='bbox 653 270 837 335; x_wconf 75' lang='lat'>·-7-</span> 
     </span>
    </p>
   </div>
   <div class='ocr_carea' id='block_1_2' title="bbox 83 449 1318 1135">
    <p class='ocr_par' dir='ltr' id='par_1_2' title="bbox 83 449 1318 1135">
     <span class='ocr_line' id='line_1_2' title="bbox 161 449 1318 534; baseline 0.005 -21"><span class='ocrx_word' id='word_1_2' title='bbox 161 450 204 514; x_wconf 96' lang='lat' dir='ltr'><strong>ad</strong></span> <span class='ocrx_word' id='word_1_3' title='bbox 224 450 355 515; x_wconf 86' lang='lat' dir='ltr'><strong>Tertull.</strong></span> <span class='ocrx_word' id='word_1_4' title='bbox 378 449 457 514; x_wconf 92' lang='lat' dir='ltr'><strong>nihil</strong></span> <span class='ocrx_word' id='word_1_5' title='bbox 479 449 603 532; x_wconf 91' lang='lat' dir='ltr'><strong>dubito,</strong></span> <span class='ocrx_word' id='word_1_6' title='bbox 634 449 778 533; x_wconf 83' lang='lat' dir='ltr'>quaestio</span> <span class='ocrx_word' id='word_1_7' title='bbox 807 450 835 514; x_wconf 92' lang='lat' dir='ltr'><strong>si</strong></span> <span class='ocrx_word' id='word_1_8' title='bbox 860 450 1063 534; x_wconf 85' lang='lat' dir='ltr'><strong>proponitur,</strong></span> <span class='ocrx_word' id='word_1_9' title='bbox 1092 457 1162 518; x_wconf 89' lang='lat' dir='ltr'><strong>uter</strong></span> <span class='ocrx_word' id='word_1_10' title='bbox 1188 451 1318 520; x_wconf 86' lang='lat' dir='ltr'><strong>maioris</strong></span> 
     </span>
     <span class='ocr_line' id='line_1_3' title="bbox 161 547 1318 618; baseline 0.005 -6"><span class='ocrx_word' id='word_1_11' title='bbox 161 547 256 614; x_wconf 87' lang='lat' dir='ltr'><strong>fuerit</strong></span> <span class='ocrx_word' id='word_1_12' title='bbox 276 550 425 614; x_wconf 81' lang='lat' dir='ltr'><strong>momenti</strong></span> <span class='ocrx_word' id='word_1_13' title='bbox 448 551 489 615; x_wconf 91' lang='lat' dir='ltr'><strong>ad</strong></span> <span class='ocrx_word' id='word_1_14' title='bbox 511 550 666 616; x_wconf 91' lang='lat' dir='ltr'><strong>ecclesiae</strong></span> <span class='ocrx_word' id='word_1_15' title='bbox 677 551 840 616; x_wconf 88' lang='lat' dir='ltr'><strong>Romanae</strong></span> <span class='ocrx_word' id='word_1_16' title='bbox 862 550 984 616; x_wconf 85' lang='lat' dir='ltr'><strong>litteras</strong></span> <span class='ocrx_word' id='word_1_17' title='bbox 1007 551 1190 618; x_wconf 89' lang='lat' dir='ltr'><strong>condendas</strong></span> <span class='ocrx_word' id='word_1_18' title='bbox 1212 560 1243 618; x_wconf 92' lang='lat' dir='ltr'><strong>et</strong></span> <span class='ocrx_word' id='word_1_19' title='bbox 1256 552 1318 618; x_wconf 92' lang='lat' dir='ltr'><strong>La-</strong></span> 
     </span>
     <span class='ocr_line' id='line_1_4' title="bbox 160 648 1316 732; baseline 0.005 -20"><span class='ocrx_word' id='word_1_20' title='bbox 160 649 258 713; x_wconf 82' lang='lat' dir='ltr'><strong>tinam</strong></span> <span class='ocrx_word' id='word_1_21' title='bbox 285 650 427 732; x_wconf 81' lang='lat' dir='ltr'><strong>linguam</strong></span> <span class='ocrx_word' id='word_1_22' title='bbox 454 669 557 715; x_wconf 83' lang='lat' dir='ltr'><strong>novae</strong></span> <span class='ocrx_word' id='word_1_23' title='bbox 585 650 747 716; x_wconf 90' lang='lat' dir='ltr'><strong>doctrinae</strong></span> <span class='ocrx_word' id='word_1_24' title='bbox 776 648 975 716; x_wconf 83' lang='lat' dir='ltr'><strong>Christianae</strong></span> <span class='ocrx_word' id='word_1_25' title='bbox 1003 653 1316 718; x_wconf 81' lang='lat' dir='ltr'><strong>accommodandam.</strong></span> 
     </span>
     <span class='ocr_line' id='line_1_5' title="bbox 159 749 1318 839; baseline 0.005 -27"><span class='ocrx_word' id='word_1_26' title='bbox 159 749 307 831; x_wconf 89' lang='lat' dir='ltr'><strong>Accedit,</strong></span> <span class='ocrx_word' id='word_1_27' title='bbox 342 750 427 833; x_wconf 94' lang='lat' dir='ltr'><strong>quod</strong></span> <span class='ocrx_word' id='word_1_28' title='bbox 447 750 576 816; x_wconf 76' lang='lat' dir='ltr'><strong>Minucii</strong></span> <span class='ocrx_word' id='word_1_29' title='bbox 604 770 668 815; x_wconf 91' lang='lat' dir='ltr'><strong>non</strong></span> <span class='ocrx_word' id='word_1_30' title='bbox 696 756 800 814; x_wconf 91' lang='lat' dir='ltr'><strong>exstat</strong></span> <span class='ocrx_word' id='word_1_31' title='bbox 827 751 887 815; x_wconf 91' lang='lat' dir='ltr'><strong>nisi</strong></span> <span class='ocrx_word' id='word_1_32' title='bbox 917 771 996 816; x_wconf 91' lang='lat' dir='ltr'><strong>unus</strong></span> <span class='ocrx_word' id='word_1_33' title='bbox 1017 752 1071 817; x_wconf 93' lang='lat' dir='ltr'><strong>ille</strong></span> <span class='ocrx_word' id='word_1_34' title='bbox 1098 754 1318 839; x_wconf 81' lang='lat' dir='ltr'><strong>apologeticus</strong></span> 
     </span>
     <span class='ocr_line' id='line_1_6' title="bbox 159 848 1317 936; baseline 0.004 -24"><span class='ocrx_word' id='word_1_35' title='bbox 159 848 240 913; x_wconf 90' lang='lat' dir='ltr'><strong>liber</strong></span> <span class='ocrx_word' id='word_1_36' title='bbox 268 869 364 914; x_wconf 92' lang='lat' dir='ltr'><strong>unum</strong></span> <span class='ocrx_word' id='word_1_37' title='bbox 392 851 566 916; x_wconf 89' lang='lat' dir='ltr'><strong>litterarum</strong></span> <span class='ocrx_word' id='word_1_38' title='bbox 594 869 695 933; x_wconf 90' lang='lat' dir='ltr'><strong>genus</strong></span> <span class='ocrx_word' id='word_1_39' title='bbox 722 870 879 933; x_wconf 90' lang='lat' dir='ltr'><strong>unamque</strong></span> <span class='ocrx_word' id='word_1_40' title='bbox 902 850 1101 918; x_wconf 79' lang='lat' dir='ltr'><strong>Christianae</strong></span> <span class='ocrx_word' id='word_1_41' title='bbox 1129 852 1317 936; x_wconf 90' lang='lat' dir='ltr'><strong>disciplinae</strong></span> 
     </span>
     <span class='ocr_line' id='line_1_7' title="bbox 83 946 1316 1041; baseline 0.004 -29"><span class='ocrx_word' id='word_1_42' title='bbox 83 946 86 951; x_wconf 71' lang='grc'><em>’</em></span> <span class='ocrx_word' id='word_1_43' title='bbox 158 949 382 1014; x_wconf 87' lang='lat' dir='ltr'><strong>necessitatem</strong></span> <span class='ocrx_word' id='word_1_44' title='bbox 411 951 540 1033; x_wconf 90' lang='lat' dir='ltr'><strong>egregie</strong></span> <span class='ocrx_word' id='word_1_45' title='bbox 568 950 694 1032; x_wconf 91' lang='lat' dir='ltr'><strong>quidem</strong></span> <span class='ocrx_word' id='word_1_46' title='bbox 721 951 931 1034; x_wconf 88' lang='lat' dir='ltr'><strong>amplectens,</strong></span> <span class='ocrx_word' id='word_1_47' title='bbox 963 952 1149 1018; x_wconf 84' lang='lat' dir='ltr'><strong>Tertulliani</strong></span> <span class='ocrx_word' id='word_1_48' title='bbox 1182 952 1316 1041; x_wconf 85' lang='lat' dir='ltr'><strong>eruditio</strong></span> 
     </span>
     <span class='ocr_line' id='line_1_8' title="bbox 158 1049 1316 1135; baseline 0.003 -22"><span class='ocrx_word' id='word_1_49' title='bbox 158 1049 326 1133; x_wconf 85' lang='lat' dir='ltr'><strong>multiplex</strong></span> <span class='ocrx_word' id='word_1_50' title='bbox 338 1050 475 1115; x_wconf 91' lang='lat' dir='ltr'><strong>excurrit</strong></span> <span class='ocrx_word' id='word_1_51' title='bbox 491 1050 522 1114; x_wconf 94' lang='lat' dir='ltr'><strong>in</strong></span> <span class='ocrx_word' id='word_1_52' title='bbox 542 1050 729 1114; x_wconf 89' lang='lat' dir='ltr'><strong>latissimum</strong></span> <span class='ocrx_word' id='word_1_53' title='bbox 745 1049 946 1134; x_wconf 84' lang='lat' dir='ltr'><strong>defendendi,</strong></span> <span class='ocrx_word' id='word_1_54' title='bbox 968 1051 1187 1135; x_wconf 86' lang='lat' dir='ltr'><strong>aggrediendi,</strong></span> <span class='ocrx_word' id='word_1_55' title='bbox 1205 1052 1316 1118; x_wconf 92' lang='lat' dir='ltr'><strong>cohor-</strong></span> 
     </span>
    </p>
   </div>
   <div class='ocr_carea' id='block_1_3' title="bbox 152 1148 1396 4333">
    <p class='ocr_par' dir='ltr' id='par_1_3' title="bbox 155 1148 1316 1734">
     <span class='ocr_line' id='line_1_9' title="bbox 157 1148 1316 1233; baseline 0.004 -20"><span class='ocrx_word' id='word_1_56' title='bbox 157 1148 263 1231; x_wconf 91' lang='lat' dir='ltr'><strong>tandi,</strong></span> <span class='ocrx_word' id='word_1_57' title='bbox 294 1149 507 1232; x_wconf 87' lang='lat' dir='ltr'><strong>redarguendi</strong></span> <span class='ocrx_word' id='word_1_58' title='bbox 537 1169 692 1233; x_wconf 86' lang='lat' dir='ltr'><strong>campum.</strong></span> <span class='ocrx_word' id='word_1_59' title='bbox 739 1150 823 1214; x_wconf 90' lang='lat' dir='ltr'><strong>Nam</strong></span> <span class='ocrx_word' id='word_1_60' title='bbox 852 1151 1046 1217; x_wconf 89' lang='lat' dir='ltr'><strong>ethnicorum</strong></span> <span class='ocrx_word' id='word_1_61' title='bbox 1081 1152 1316 1218; x_wconf 80' lang='lat' dir='ltr'><strong>criminationes</strong></span> 
     </span>
     <span class='ocr_line' id='line_1_10' title="bbox 156 1248 1316 1336; baseline 0.003 -23"><span class='ocrx_word' id='word_1_62' title='bbox 156 1248 341 1331; x_wconf 77' lang='lat' dir='ltr'><strong>retundere,</strong></span> <span class='ocrx_word' id='word_1_63' title='bbox 371 1249 495 1313; x_wconf 91' lang='lat' dir='ltr'><strong>somnia</strong></span> <span class='ocrx_word' id='word_1_64' title='bbox 520 1249 751 1314; x_wconf 87' lang='lat' dir='ltr'><strong>haereticorum</strong></span> <span class='ocrx_word' id='word_1_65' title='bbox 774 1250 945 1334; x_wconf 90' lang='lat' dir='ltr'><strong>discutere,</strong></span> <span class='ocrx_word' id='word_1_66' title='bbox 979 1252 1077 1335; x_wconf 79' lang='lat' dir='ltr'><strong>quid?</strong></span> <span class='ocrx_word' id='word_1_67' title='bbox 1104 1252 1188 1334; x_wconf 91' lang='lat' dir='ltr'><strong>quod</strong></span> <span class='ocrx_word' id='word_1_68' title='bbox 1215 1253 1316 1336; x_wconf 90' lang='lat' dir='ltr'><strong>ipsius</strong></span> 
     </span>
     <span class='ocr_line' id='line_1_11' title="bbox 157 1348 1316 1435; baseline 0.003 -21"><span class='ocrx_word' id='word_1_69' title='bbox 157 1348 355 1414; x_wconf 84' lang='lat' dir='ltr'><strong>orthodoxae</strong></span> <span class='ocrx_word' id='word_1_70' title='bbox 367 1349 521 1414; x_wconf 86' lang='lat' dir='ltr'><strong>ecclesiae</strong></span> <span class='ocrx_word' id='word_1_71' title='bbox 535 1355 735 1433; x_wconf 88' lang='lat' dir='ltr'><strong>sectatorum,</strong></span> <span class='ocrx_word' id='word_1_72' title='bbox 750 1370 830 1432; x_wconf 91' lang='lat' dir='ltr'><strong>quos</strong></span> <span class='ocrx_word' id='word_1_73' title='bbox 846 1357 940 1416; x_wconf 91' lang='lat' dir='ltr'><strong>vocat</strong></span> <span class='ocrx_word' id='word_1_74' title='bbox 950 1352 1129 1435; x_wconf 88' lang='lat' dir='ltr'><strong>psychicos,</strong></span> <span class='ocrx_word' id='word_1_75' title='bbox 1144 1353 1316 1435; x_wconf 83' lang='lat' dir='ltr'><strong>languores</strong></span> 
     </span>
     <span class='ocr_line' id='line_1_12' title="bbox 157 1449 1316 1532; baseline 0.003 -18"><span class='ocrx_word' id='word_1_76' title='bbox 157 1454 305 1514; x_wconf 87' lang='lat' dir='ltr'><strong>excutere</strong></span> <span class='ocrx_word' id='word_1_77' title='bbox 327 1449 470 1532; x_wconf 85' lang='lat' dir='ltr'><strong>„invidia</strong></span> <span class='ocrx_word' id='word_1_78' title='bbox 491 1456 522 1514; x_wconf 93' lang='lat' dir='ltr'><strong>et</strong></span> <span class='ocrx_word' id='word_1_79' title='bbox 539 1450 737 1515; x_wconf 87' lang='lat' dir='ltr'><strong>contumeliis</strong></span> <span class='ocrx_word' id='word_1_80' title='bbox 764 1450 948 1516; x_wconf 91' lang='lat' dir='ltr'><strong>clericorum</strong></span> <span class='ocrx_word' id='word_1_81' title='bbox 971 1453 1135 1517; x_wconf 87' lang='lat' dir='ltr'><strong>Romanae</strong></span> <span class='ocrx_word' id='word_1_82' title='bbox 1160 1453 1316 1519; x_wconf 90' lang='lat' dir='ltr'><strong>ecclesiae</strong></span> 
     </span>
     <span class='ocr_line' id='line_1_13' title="bbox 157 1548 1314 1636; baseline 0.005 -23"><span class='ocrx_word' id='word_1_83' title='bbox 157 1548 200 1613; x_wconf 89' lang='lat' dir='ltr'><strong>ad</strong></span> <span class='ocrx_word' id='word_1_84' title='bbox 221 1548 379 1614; x_wconf 89' lang='lat' dir='ltr'><strong>haeresim</strong></span> <span class='ocrx_word' id='word_1_85' title='bbox 405 1549 574 1634; x_wconf 84' lang='lat' dir='ltr'><strong>(Montani)</strong></span> <span class='ocrx_word' id='word_1_86' title='bbox 598 1549 771 1634; x_wconf 87' lang='lat' dir='ltr'><strong>delapsus“</strong></span> <span class='ocrx_word' id='word_1_87' title='bbox 793 1550 937 1633; x_wconf 85' lang='lat' dir='ltr'><strong>(Hieron.</strong></span> <span class='ocrx_word' id='word_1_88' title='bbox 958 1550 1059 1617; x_wconf 83' lang='lat' dir='ltr'><strong>Catal.</strong></span> <span class='ocrx_word' id='word_1_89' title='bbox 1077 1553 1135 1630; x_wconf 81' lang='lat'><strong>53)</strong></span> <span class='ocrx_word' id='word_1_90' title='bbox 1160 1553 1221 1618; x_wconf 89' lang='lat' dir='ltr'><strong>sibi</strong></span> <span class='ocrx_word' id='word_1_91' title='bbox 1242 1572 1314 1636; x_wconf 89' lang='lat' dir='ltr'><strong>pro·</strong></span> 
     </span>
     <span class='ocr_line' id='line_1_14' title="bbox 155 1641 817 1734; baseline -0.009 -21"><span class='ocrx_word' id='word_1_92' title='bbox 155 1655 317 1734; x_wconf 90' lang='lat' dir='ltr'><strong>posuerat.</strong></span> <span class='ocrx_word' id='word_1_93' title='bbox 814 1641 817 1645; x_wconf 81' lang='grc'><strong>’</strong></span> 
     </span>
    </p>

    <p class='ocr_par' dir='ltr' id='par_1_4' title="bbox 152 1748 1396 4333">
     <span class='ocr_line' id='line_1_15' title="bbox 239 1748 1316 1830; baseline 0.002 -18"><span class='ocrx_word' id='word_1_94' title='bbox 239 1748 320 1812; x_wconf 87' lang='lat' dir='ltr'><strong>Tela</strong></span> <span class='ocrx_word' id='word_1_95' title='bbox 342 1754 447 1813; x_wconf 87' lang='lat' dir='ltr'><strong>autem</strong></span> <span class='ocrx_word' id='word_1_96' title='bbox 469 1754 501 1813; x_wconf 87' lang='lat' dir='ltr'><strong>et</strong></span> <span class='ocrx_word' id='word_1_97' title='bbox 521 1768 625 1828; x_wconf 90' lang='lat' dir='ltr'><strong>arma,</strong></span> <span class='ocrx_word' id='word_1_98' title='bbox 650 1748 763 1830; x_wconf 93' lang='lat' dir='ltr'><strong>quibus</strong></span> <span class='ocrx_word' id='word_1_99' title='bbox 784 1749 869 1814; x_wconf 83' lang='lat' dir='ltr'><strong>Tert.</strong></span> <span class='ocrx_word' id='word_1_100' title='bbox 892 1767 967 1813; x_wconf 85' lang='lat' dir='ltr'><strong>usus</strong></span> <span class='ocrx_word' id='word_1_101' title='bbox 989 1749 1090 1814; x_wconf 87' lang='lat' dir='ltr'><strong>estin</strong></span> <span class='ocrx_word' id='word_1_102' title='bbox 1113 1748 1316 1816; x_wconf 81' lang='lat' dir='ltr'><strong>defendenda</strong></span> 
     </span>
     <span class='ocr_line' id='line_1_16' title="bbox 155 1847 1315 1934; baseline 0.003 -22"><span class='ocrx_word' id='word_1_103' title='bbox 155 1867 215 1912; x_wconf 88' lang='lat' dir='ltr'><strong>sua</strong></span> <span class='ocrx_word' id='word_1_104' title='bbox 237 1855 269 1913; x_wconf 89' lang='lat' dir='ltr'><strong>et</strong></span> <span class='ocrx_word' id='word_1_105' title='bbox 282 1847 502 1932; x_wconf 89' lang='lat' dir='ltr'><strong>impugnanda</strong></span> <span class='ocrx_word' id='word_1_106' title='bbox 513 1848 767 1913; x_wconf 90' lang='lat' dir='ltr'><strong>adversariorum</strong></span> <span class='ocrx_word' id='word_1_107' title='bbox 783 1869 890 1930; x_wconf 88' lang='lat' dir='ltr'><strong>causa,</strong></span> <span class='ocrx_word' id='word_1_108' title='bbox 906 1849 1063 1934; x_wconf 90' lang='lat' dir='ltr'><strong>spiritalia</strong></span> <span class='ocrx_word' id='word_1_109' title='bbox 1080 1856 1178 1934; x_wconf 90' lang='lat' dir='ltr'><strong>erant,</strong></span> <span class='ocrx_word' id='word_1_110' title='bbox 1198 1850 1315 1934; x_wconf 91' lang='lat' dir='ltr'><strong>quippe</strong></span> 
     </span>
     <span class='ocr_line' id='line_1_17' title="bbox 155 1948 1396 2034; baseline 0.002 -22"><span class='ocrx_word' id='word_1_111' title='bbox 155 1948 210 2030; x_wconf 93' lang='lat' dir='ltr'><strong>qui</strong></span> <span class='ocrx_word' id='word_1_112' title='bbox 243 1948 380 2031; x_wconf 81' lang='lat' dir='ltr'><strong>„bellum</strong></span> <span class='ocrx_word' id='word_1_113' title='bbox 411 1950 555 2033; x_wconf 69' lang='lat' dir='ltr'><strong>spiritale</strong></span> <span class='ocrx_word' id='word_1_114' title='bbox 594 1948 792 2032; x_wconf 75' lang='lat' dir='ltr'><strong>spiritalibus</strong></span> <span class='ocrx_word' id='word_1_115' title='bbox 827 1952 925 2014; x_wconf 80' lang='lat' dir='ltr'><strong>armis</strong></span> <span class='ocrx_word' id='word_1_116' title='bbox 956 1951 1143 2034; x_wconf 62' lang='lat' dir='ltr'><strong>spirttditer</strong></span> <span class='ocrx_word' id='word_1_117' title='bbox 1168 1950 1280 2014; x_wconf 79' lang='lat' dir='ltr'><strong>&#39;debuit</strong></span> <span class='ocrx_word' id='word_1_118' title='bbox 1301 1986 1314 2001; x_wconf 87' lang='lat'><em>-</em></span> <span class='ocrx_word' id='word_1_119' title='bbox 1394 1964 1396 1968; x_wconf 72' lang='lat'>‘</span> 
     </span>
     <span class='ocr_line' id='line_1_18' title="bbox 155 2048 1314 2132; baseline 0.003 -20"><span class='ocrx_word' id='word_1_120' title='bbox 155 2055 247 2112; x_wconf 83' lang='lat' dir='ltr'><strong>turus</strong></span> <span class='ocrx_word' id='word_1_121' title='bbox 267 2051 373 2113; x_wconf 83' lang='lat' dir='ltr'><strong>esset.“</strong></span> <span class='ocrx_word' id='word_1_122' title='bbox 415 2049 701 2112; x_wconf 87' lang='lat' dir='ltr'><strong>Armamentarium</strong></span> <span class='ocrx_word' id='word_1_123' title='bbox 724 2056 844 2132; x_wconf 91' lang='lat' dir='ltr'><strong>autem,</strong></span> <span class='ocrx_word' id='word_1_124' title='bbox 868 2048 951 2114; x_wconf 91' lang='lat' dir='ltr'><strong>unde</strong></span> <span class='ocrx_word' id='word_1_125' title='bbox 972 2051 1037 2114; x_wconf 90' lang='lat' dir='ltr'><strong>tela</strong></span> <span class='ocrx_word' id='word_1_126' title='bbox 1058 2068 1116 2115; x_wconf 93' lang='lat' dir='ltr'><strong>sua</strong></span> <span class='ocrx_word' id='word_1_127' title='bbox 1137 2049 1239 2132; x_wconf 90' lang='lat' dir='ltr'><strong>ignita</strong></span> <span class='ocrx_word' id='word_1_128' title='bbox 1261 2050 1314 2115; x_wconf 90' lang='lat' dir='ltr'><strong>de·</strong></span> 
     </span>
     <span class='ocr_line' id='line_1_19' title="bbox 153 2148 1314 2233; baseline 0.003 -21"><span class='ocrx_word' id='word_1_129' title='bbox 153 2149 330 2232; x_wconf 86' lang='lat' dir='ltr'><strong>prompsit,</strong></span> <span class='ocrx_word' id='word_1_130' title='bbox 353 2149 502 2213; x_wconf 84' lang='lat' dir='ltr'><strong>scrinium</strong></span> <span class='ocrx_word' id='word_1_131' title='bbox 524 2149 615 2231; x_wconf 91' lang='lat' dir='ltr'><strong>quasi</strong></span> <span class='ocrx_word' id='word_1_132' title='bbox 636 2148 769 2213; x_wconf 89' lang='lat' dir='ltr'><strong>Latinae</strong></span> <span class='ocrx_word' id='word_1_133' title='bbox 792 2150 921 2232; x_wconf 90' lang='lat' dir='ltr'><strong>linguae</strong></span> <span class='ocrx_word' id='word_1_134' title='bbox 942 2148 1002 2214; x_wconf 85' lang='lat' dir='ltr'><strong>tuit</strong></span> <span class='ocrx_word' id='word_1_135' title='bbox 1023 2149 1153 2232; x_wconf 90' lang='lat' dir='ltr'><strong>eiusque</strong></span> <span class='ocrx_word' id='word_1_136' title='bbox 1174 2169 1237 2215; x_wconf 92' lang='lat' dir='ltr'><strong>non</strong></span> <span class='ocrx_word' id='word_1_137' title='bbox 1259 2169 1314 2233; x_wconf 90' lang='lat' dir='ltr'><strong>ge·</strong></span> 
     </span>
     <span class='ocr_line' id='line_1_20' title="bbox 154 2247 1314 2333; baseline 0.003 -22"><span class='ocrx_word' id='word_1_138' title='bbox 154 2247 271 2313; x_wconf 90' lang='lat' dir='ltr'><strong>nuinae</strong></span> <span class='ocrx_word' id='word_1_139' title='bbox 284 2249 342 2313; x_wconf 91' lang='lat' dir='ltr'><strong>sed</strong></span> <span class='ocrx_word' id='word_1_140' title='bbox 353 2248 449 2331; x_wconf 78' lang='lat' dir='ltr'><strong>Afris,</strong></span> <span class='ocrx_word' id='word_1_141' title='bbox 467 2248 674 2333; x_wconf 90' lang='lat' dir='ltr'><strong>popularibus</strong></span> <span class='ocrx_word' id='word_1_142' title='bbox 687 2248 762 2331; x_wconf 91' lang='lat' dir='ltr'><strong>suis,</strong></span> <span class='ocrx_word' id='word_1_143' title='bbox 777 2249 922 2332; x_wconf 90' lang='lat' dir='ltr'><strong>usitatae,</strong></span> <span class='ocrx_word' id='word_1_144' title='bbox 940 2268 1022 2332; x_wconf 91' lang='lat' dir='ltr'><strong>quae</strong></span> <span class='ocrx_word' id='word_1_145' title='bbox 1038 2270 1079 2314; x_wconf 88' lang='lat' dir='ltr'><strong>ex</strong></span> <span class='ocrx_word' id='word_1_146' title='bbox 1094 2250 1314 2315; x_wconf 88' lang='lat' dir='ltr'><strong>cottidiano</strong></span> 
     </span>
     <span class='ocr_line' id='line_1_21' title="bbox 155 2346 1315 2433; baseline 0.003 -22"><span class='ocrx_word' id='word_1_147' title='bbox 155 2346 224 2412; x_wconf 91' lang='lat' dir='ltr'><strong>sive</strong></span> <span class='ocrx_word' id='word_1_148' title='bbox 245 2347 399 2413; x_wconf 91' lang='lat' dir='ltr'><strong>rustico</strong></span> <span class='ocrx_word' id='word_1_149' title='bbox 422 2348 489 2413; x_wconf 90' lang='lat' dir='ltr'><strong>sive</strong></span> <span class='ocrx_word' id='word_1_150' title='bbox 510 2348 669 2432; x_wconf 92' lang='lat' dir='ltr'><strong>plebeio</strong></span> <span class='ocrx_word' id='word_1_151' title='bbox 691 2368 835 2415; x_wconf 86' lang='lat' dir='ltr'><strong>sermone</strong></span> <span class='ocrx_word' id='word_1_152' title='bbox 857 2349 970 2415; x_wconf 91' lang='lat' dir='ltr'><strong>Latino</strong></span> <span class='ocrx_word' id='word_1_153' title='bbox 991 2349 1136 2433; x_wconf 82' lang='lat' dir='ltr'><strong>profecta</strong></span> <span class='ocrx_word' id='word_1_154' title='bbox 1157 2349 1190 2412; x_wconf 95' lang='lat' dir='ltr'><strong>in</strong></span> <span class='ocrx_word' id='word_1_155' title='bbox 1204 2349 1315 2414; x_wconf 78' lang='lat' dir='ltr'><strong>Africa</strong></span> 
     </span>
     <span class='ocr_line' id='line_1_22' title="bbox 155 2447 1313 2532; baseline 0.003 -21"><span class='ocrx_word' id='word_1_156' title='bbox 155 2447 283 2528; x_wconf 94' lang='lat' dir='ltr'><strong>quidem</strong></span> <span class='ocrx_word' id='word_1_157' title='bbox 305 2448 457 2513; x_wconf 90' lang='lat' dir='ltr'><strong>maturius</strong></span> <span class='ocrx_word' id='word_1_158' title='bbox 479 2454 510 2512; x_wconf 92' lang='lat' dir='ltr'><strong>et</strong></span> <span class='ocrx_word' id='word_1_159' title='bbox 530 2448 655 2531; x_wconf 90' lang='lat' dir='ltr'><strong>plenius</strong></span> <span class='ocrx_word' id='word_1_160' title='bbox 677 2469 771 2532; x_wconf 91' lang='lat' dir='ltr'><strong>quam</strong></span> <span class='ocrx_word' id='word_1_161' title='bbox 793 2449 909 2515; x_wconf 90' lang='lat' dir='ltr'><strong>alicubi</strong></span> <span class='ocrx_word' id='word_1_162' title='bbox 932 2449 1027 2514; x_wconf 90' lang='lat' dir='ltr'><strong>etiam</strong></span> <span class='ocrx_word' id='word_1_163' title='bbox 1055 2449 1088 2512; x_wconf 92' lang='lat' dir='ltr'><strong>in</strong></span> <span class='ocrx_word' id='word_1_164' title='bbox 1110 2449 1313 2515; x_wconf 81' lang='lat' dir='ltr'><strong>scribentium</strong></span> 
     </span>
     <span class='ocr_line' id='line_1_23' title="bbox 154 2547 1313 2632; baseline 0.003 -21"><span class='ocrx_word' id='word_1_165' title='bbox 154 2566 245 2612; x_wconf 89' lang='lat' dir='ltr'><strong>usum</strong></span> <span class='ocrx_word' id='word_1_166' title='bbox 267 2554 396 2631; x_wconf 88' lang='lat' dir='ltr'><strong>recepta</strong></span> <span class='ocrx_word' id='word_1_167' title='bbox 416 2547 530 2613; x_wconf 87' lang='lat' dir='ltr'><strong>fuerat.</strong></span> <span class='ocrx_word' id='word_1_168' title='bbox 573 2549 662 2614; x_wconf 91' lang='lat' dir='ltr'><strong>Haeo</strong></span> <span class='ocrx_word' id='word_1_169' title='bbox 684 2569 724 2614; x_wconf 90' lang='lat' dir='ltr'><strong>ex</strong></span> <span class='ocrx_word' id='word_1_170' title='bbox 745 2549 843 2614; x_wconf 84' lang='lat' dir='ltr'><strong>variis</strong></span> <span class='ocrx_word' id='word_1_171' title='bbox 867 2556 898 2614; x_wconf 91' lang='lat' dir='ltr'><strong>et</strong></span> <span class='ocrx_word' id='word_1_172' title='bbox 923 2549 1049 2632; x_wconf 88' lang='lat' dir='ltr'><strong>priscae</strong></span> <span class='ocrx_word' id='word_1_173' title='bbox 1071 2553 1103 2614; x_wconf 92' lang='lat' dir='ltr'><strong>et</strong></span> <span class='ocrx_word' id='word_1_174' title='bbox 1129 2549 1313 2615; x_wconf 82' lang='lat' dir='ltr'><strong>recentioris</strong></span> 
     </span>
     <span class='ocr_line' id='line_1_24' title="bbox 155 2647 1312 2732; baseline 0.003 -21"><span class='ocrx_word' id='word_1_175' title='bbox 155 2647 322 2711; x_wconf 88' lang='lat' dir='ltr'><strong>latinitatis</strong></span> <span class='ocrx_word' id='word_1_176' title='bbox 349 2655 380 2713; x_wconf 92' lang='lat' dir='ltr'><strong>et</strong></span> <span class='ocrx_word' id='word_1_177' title='bbox 401 2648 529 2713; x_wconf 89' lang='lat' dir='ltr'><strong>aliunde</strong></span> <span class='ocrx_word' id='word_1_178' title='bbox 558 2649 665 2732; x_wconf 91' lang='lat' dir='ltr'><strong>petitis</strong></span> <span class='ocrx_word' id='word_1_179' title='bbox 695 2649 858 2714; x_wconf 90' lang='lat' dir='ltr'><strong>elementis</strong></span> <span class='ocrx_word' id='word_1_180' title='bbox 887 2649 1005 2713; x_wconf 91' lang='lat' dir='ltr'><strong>collata</strong></span> <span class='ocrx_word' id='word_1_181' title='bbox 1030 2647 1140 2731; x_wconf 89' lang='lat' dir='ltr'><strong>lingua</strong></span> <span class='ocrx_word' id='word_1_182' title='bbox 1165 2649 1229 2713; x_wconf 92' lang='lat' dir='ltr'><strong>iam</strong></span> <span class='ocrx_word' id='word_1_183' title='bbox 1260 2668 1312 2715; x_wconf 90' lang='lat' dir='ltr'><strong>ac·</strong></span> 
     </span>
     <span class='ocr_line' id='line_1_25' title="bbox 155 2746 1312 2833; baseline 0.001 -21"><span class='ocrx_word' id='word_1_184' title='bbox 155 2746 387 2812; x_wconf 88' lang='lat' dir='ltr'><strong>commodanda</strong></span> <span class='ocrx_word' id='word_1_185' title='bbox 409 2748 468 2814; x_wconf 87' lang='lat' dir='ltr'><strong>fuit</strong></span> <span class='ocrx_word' id='word_1_186' title='bbox 489 2756 520 2814; x_wconf 91' lang='lat' dir='ltr'><strong>et</strong></span> <span class='ocrx_word' id='word_1_187' title='bbox 542 2748 751 2833; x_wconf 85' lang='lat' dir='ltr'><strong>explicandae</strong></span> <span class='ocrx_word' id='word_1_188' title='bbox 774 2756 805 2814; x_wconf 90' lang='lat' dir='ltr'><strong>et</strong></span> <span class='ocrx_word' id='word_1_189' title='bbox 826 2747 1046 2814; x_wconf 87' lang='lat' dir='ltr'><strong>defendendae</strong></span> <span class='ocrx_word' id='word_1_190' title='bbox 1072 2767 1175 2813; x_wconf 83' lang='lat' dir='ltr'><strong>novae</strong></span> <span class='ocrx_word' id='word_1_191' title='bbox 1197 2748 1229 2812; x_wconf 93' lang='lat' dir='ltr'><strong>in</strong></span> <span class='ocrx_word' id='word_1_192' title='bbox 1250 2749 1312 2814; x_wconf 87' lang='lat' dir='ltr'><strong>Ro·</strong></span> 
     </span>
     <span class='ocr_line' id='line_1_26' title="bbox 154 2847 1312 2934; baseline 0.004 -23"><span class='ocrx_word' id='word_1_193' title='bbox 154 2866 282 2911; x_wconf 90' lang='lat' dir='ltr'><strong>manum</strong></span> <span class='ocrx_word' id='word_1_194' title='bbox 314 2848 480 2931; x_wconf 88' lang='lat' dir='ltr'><strong>imperium</strong></span> <span class='ocrx_word' id='word_1_195' title='bbox 512 2850 678 2932; x_wconf 82' lang='lat' dir='ltr'><strong>ingressae</strong></span> <span class='ocrx_word' id='word_1_196' title='bbox 709 2848 783 2914; x_wconf 90' lang='lat' dir='ltr'><strong>fidei</strong></span> <span class='ocrx_word' id='word_1_197' title='bbox 816 2856 848 2914; x_wconf 91' lang='lat' dir='ltr'><strong>et</strong></span> <span class='ocrx_word' id='word_1_198' title='bbox 881 2849 1069 2934; x_wconf 90' lang='lat' dir='ltr'><strong>disciplinae</strong></span> <span class='ocrx_word' id='word_1_199' title='bbox 1102 2847 1312 2917; x_wconf 81' lang='lat' dir='ltr'><strong>Christianae.</strong></span> 
     </span>
     <span class='ocr_line' id='line_1_27' title="bbox 155 2947 1312 3032; baseline 0.002 -20"><span class='ocrx_word' id='word_1_200' title='bbox 155 2947 247 3025; x_wconf 80' lang='lat' dir='ltr'><strong>Quae</strong></span> <span class='ocrx_word' id='word_1_201' title='bbox 268 2967 338 3012; x_wconf 92' lang='lat' dir='ltr'><strong>cum</strong></span> <span class='ocrx_word' id='word_1_202' title='bbox 361 2969 490 3032; x_wconf 87' lang='lat' dir='ltr'><strong>prorsus</strong></span> <span class='ocrx_word' id='word_1_203' title='bbox 511 2969 611 3015; x_wconf 85' lang='lat' dir='ltr'><strong>novas</strong></span> <span class='ocrx_word' id='word_1_204' title='bbox 634 2950 789 3031; x_wconf 90' lang='lat' dir='ltr'><strong>quasdam</strong></span> <span class='ocrx_word' id='word_1_205' title='bbox 811 2949 965 3031; x_wconf 90' lang='lat' dir='ltr'><strong>notiones,</strong></span> <span class='ocrx_word' id='word_1_206' title='bbox 987 2948 1152 3032; x_wconf 84' lang='lat' dir='ltr'><strong>religionis</strong></span> <span class='ocrx_word' id='word_1_207' title='bbox 1174 2949 1312 3032; x_wconf 88' lang='lat' dir='ltr'><strong>decreta,</strong></span> 
     </span>
     <span class='ocr_line' id='line_1_28' title="bbox 155 3047 1311 3133; baseline 0.002 -21"><span class='ocrx_word' id='word_1_208' title='bbox 155 3067 264 3112; x_wconf 89' lang='lat' dir='ltr'><strong>sacros</strong></span> <span class='ocrx_word' id='word_1_209' title='bbox 281 3047 370 3127; x_wconf 90' lang='lat' dir='ltr'><strong>ritus,</strong></span> <span class='ocrx_word' id='word_1_210' title='bbox 391 3049 534 3114; x_wconf 91' lang='lat' dir='ltr'><strong>instituta</strong></span> <span class='ocrx_word' id='word_1_211' title='bbox 552 3069 718 3132; x_wconf 88' lang='lat' dir='ltr'><strong>moresque</strong></span> <span class='ocrx_word' id='word_1_212' title='bbox 730 3050 764 3113; x_wconf 92' lang='lat' dir='ltr'><strong>in</strong></span> <span class='ocrx_word' id='word_1_213' title='bbox 775 3051 877 3114; x_wconf 93' lang='lat' dir='ltr'><strong>lucem</strong></span> <span class='ocrx_word' id='word_1_214' title='bbox 889 3048 1077 3133; x_wconf 80' lang='lat' dir='ltr'><strong>proferrent,</strong></span> <span class='ocrx_word' id='word_1_215' title='bbox 1099 3068 1200 3114; x_wconf 88' lang='lat' dir='ltr'><strong>novas</strong></span> <span class='ocrx_word' id='word_1_216' title='bbox 1218 3068 1311 3131; x_wconf 90' lang='lat' dir='ltr'><strong>quas·</strong></span> 
     </span>
     <span class='ocr_line' id='line_1_29' title="bbox 155 3148 1313 3234; baseline 0.002 -23"><span class='ocrx_word' id='word_1_217' title='bbox 155 3148 229 3212; x_wconf 90' lang='lat' dir='ltr'><strong>dam</strong></span> <span class='ocrx_word' id='word_1_218' title='bbox 252 3148 363 3212; x_wconf 91' lang='lat' dir='ltr'><strong>harum</strong></span> <span class='ocrx_word' id='word_1_219' title='bbox 384 3169 488 3214; x_wconf 89' lang='lat' dir='ltr'><strong>rerum</strong></span> <span class='ocrx_word' id='word_1_220' title='bbox 510 3149 742 3234; x_wconf 86' lang='lat' dir='ltr'><strong>appellationes</strong></span> <span class='ocrx_word' id='word_1_221' title='bbox 763 3148 1003 3231; x_wconf 87' lang='lat' dir='ltr'><strong>requisiverunt.</strong></span> <span class='ocrx_word' id='word_1_222' title='bbox 1041 3148 1186 3214; x_wconf 87' lang='lat' dir='ltr'><strong>Accessit</strong></span> <span class='ocrx_word' id='word_1_223' title='bbox 1207 3155 1313 3213; x_wconf 91' lang='lat' dir='ltr'><strong>autem</strong></span> 
     </span>
     <span class='ocr_line' id='line_1_30' title="bbox 155 3247 1312 3315; baseline 0 -3"><span class='ocrx_word' id='word_1_224' title='bbox 155 3248 335 3313; x_wconf 88' lang='lat' dir='ltr'><strong>certaminis</strong></span> <span class='ocrx_word' id='word_1_225' title='bbox 348 3250 523 3315; x_wconf 87' lang='lat' dir='ltr'><strong>necessitas</strong></span> <span class='ocrx_word' id='word_1_226' title='bbox 540 3270 610 3315; x_wconf 91' lang='lat' dir='ltr'><strong>cum</strong></span> <span class='ocrx_word' id='word_1_227' title='bbox 625 3248 819 3313; x_wconf 90' lang='lat' dir='ltr'><strong>ethnicorum</strong></span> <span class='ocrx_word' id='word_1_228' title='bbox 833 3247 1024 3313; x_wconf 89' lang='lat' dir='ltr'><strong>doctissimis</strong></span> <span class='ocrx_word' id='word_1_229' title='bbox 1036 3248 1112 3313; x_wconf 81' lang='lat' dir='ltr'><strong>viris</strong></span> <span class='ocrx_word' id='word_1_230' title='bbox 1129 3248 1256 3314; x_wconf 92' lang='lat' dir='ltr'><strong>ineundi</strong></span> <span class='ocrx_word' id='word_1_231' title='bbox 1272 3248 1312 3312; x_wconf 91' lang='lat' dir='ltr'><strong>de</strong></span> 
     </span>
     <span class='ocr_line' id='line_1_31' title="bbox 153 3348 1312 3432; baseline 0.002 -21"><span class='ocrx_word' id='word_1_232' title='bbox 153 3348 415 3414; x_wconf 90' lang='lat' dir='ltr'><strong>reconditissimis</strong></span> <span class='ocrx_word' id='word_1_233' title='bbox 428 3350 603 3432; x_wconf 90' lang='lat' dir='ltr'><strong>quibusque</strong></span> <span class='ocrx_word' id='word_1_234' title='bbox 619 3348 806 3431; x_wconf 90' lang='lat' dir='ltr'><strong>penitusque</strong></span> <span class='ocrx_word' id='word_1_235' title='bbox 820 3348 975 3414; x_wconf 89' lang='lat' dir='ltr'><strong>abstrusis</strong></span> <span class='ocrx_word' id='word_1_236' title='bbox 991 3354 1023 3414; x_wconf 93' lang='lat' dir='ltr'><strong>et</strong></span> <span class='ocrx_word' id='word_1_237' title='bbox 1034 3367 1136 3414; x_wconf 88' lang='lat' dir='ltr'><strong>novae</strong></span> <span class='ocrx_word' id='word_1_238' title='bbox 1149 3348 1312 3413; x_wconf 88' lang='lat' dir='ltr'><strong>doctrinae</strong></span> 
     </span>
     <span class='ocr_line' id='line_1_32' title="bbox 154 3448 1311 3532; baseline 0 -20"><span class='ocrx_word' id='word_1_239' title='bbox 154 3455 186 3512; x_wconf 89' lang='lat' dir='ltr'><strong>et</strong></span> <span class='ocrx_word' id='word_1_240' title='bbox 207 3449 374 3514; x_wconf 89' lang='lat' dir='ltr'><strong>universae</strong></span> <span class='ocrx_word' id='word_1_241' title='bbox 396 3450 577 3532; x_wconf 86' lang='lat' dir='ltr'><strong>theologiae</strong></span> <span class='ocrx_word' id='word_1_242' title='bbox 600 3449 678 3513; x_wconf 91' lang='lat' dir='ltr'><strong>locis</strong></span> <span class='ocrx_word' id='word_1_243' title='bbox 711 3448 1012 3530; x_wconf 86' lang='lat' dir='ltr'><strong>quaestionibusque</strong></span> <span class='ocrx_word' id='word_1_244' title='bbox 1040 3448 1229 3513; x_wconf 86' lang='lat' dir='ltr'><strong>dialecticae</strong></span> <span class='ocrx_word' id='word_1_245' title='bbox 1251 3468 1311 3531; x_wconf 92' lang='lat' dir='ltr'><strong>ope</strong></span> 
     </span>
     <span class='ocr_line' id='line_1_33' title="bbox 153 3547 1312 3632; baseline 0 -19"><span class='ocrx_word' id='word_1_246' title='bbox 153 3548 338 3613; x_wconf 89' lang='lat' dir='ltr'><strong>tractandis.</strong></span> <span class='ocrx_word' id='word_1_247' title='bbox 381 3547 439 3612; x_wconf 82' lang='lat' dir='ltr'><strong>Oui</strong></span> <span class='ocrx_word' id='word_1_248' title='bbox 462 3549 581 3613; x_wconf 93' lang='lat' dir='ltr'><strong>muneri</strong></span> <span class='ocrx_word' id='word_1_249' title='bbox 610 3548 767 3632; x_wconf 90' lang='lat' dir='ltr'><strong>explendo</strong></span> <span class='ocrx_word' id='word_1_250' title='bbox 797 3548 852 3612; x_wconf 84' lang='lat' dir='ltr'><strong>vix</strong></span> <span class='ocrx_word' id='word_1_251' title='bbox 877 3568 937 3632; x_wconf 94' lang='lat' dir='ltr'><strong>par</strong></span> <span class='ocrx_word' id='word_1_252' title='bbox 966 3568 1038 3613; x_wconf 91' lang='lat' dir='ltr'><strong>esse</strong></span> <span class='ocrx_word' id='word_1_253' title='bbox 1059 3547 1174 3612; x_wconf 90' lang='lat' dir='ltr'><strong>Latina</strong></span> <span class='ocrx_word' id='word_1_254' title='bbox 1202 3547 1312 3630; x_wconf 90' lang='lat' dir='ltr'><strong>lingua</strong></span> 
     </span>
     <span class='ocr_line' id='line_1_34' title="bbox 153 3646 1312 3731; baseline -0.001 -19"><span class='ocrx_word' id='word_1_255' title='bbox 153 3648 225 3713; x_wconf 84' lang='lat' dir='ltr'><strong>visa</strong></span> <span class='ocrx_word' id='word_1_256' title='bbox 246 3653 294 3712; x_wconf 87' lang='lat' dir='ltr'><strong>est</strong></span> <span class='ocrx_word' id='word_1_257' title='bbox 316 3649 540 3713; x_wconf 90' lang='lat' dir='ltr'><strong>vocabulorum</strong></span> <span class='ocrx_word' id='word_1_258' title='bbox 562 3646 716 3730; x_wconf 89' lang='lat' dir='ltr'><strong>imprimis</strong></span> <span class='ocrx_word' id='word_1_259' title='bbox 744 3648 975 3713; x_wconf 90' lang='lat' dir='ltr'><strong>abstractorum</strong></span> <span class='ocrx_word' id='word_1_260' title='bbox 1002 3666 1084 3731; x_wconf 92' lang='lat' dir='ltr'><strong>quae</strong></span> <span class='ocrx_word' id='word_1_261' title='bbox 1114 3647 1259 3712; x_wconf 93' lang='lat' dir='ltr'><strong>dicuntur</strong></span> <span class='ocrx_word' id='word_1_262' title='bbox 1281 3653 1312 3712; x_wconf 90' lang='lat' dir='ltr'><strong>et</strong></span> 
     </span>
     <span class='ocr_line' id='line_1_35' title="bbox 154 3747 1310 3831; baseline 0.001 -20"><span class='ocrx_word' id='word_1_263' title='bbox 154 3748 196 3812; x_wconf 91' lang='lat' dir='ltr'><strong>ad</strong></span> <span class='ocrx_word' id='word_1_264' title='bbox 218 3747 427 3813; x_wconf 88' lang='lat' dir='ltr'><strong>exercendam</strong></span> <span class='ocrx_word' id='word_1_265' title='bbox 451 3748 648 3812; x_wconf 90' lang='lat' dir='ltr'><strong>dialecticam</strong></span> <span class='ocrx_word' id='word_1_266' title='bbox 670 3749 807 3811; x_wconf 92' lang='lat' dir='ltr'><strong>maxime</strong></span> <span class='ocrx_word' id='word_1_267' title='bbox 834 3748 1085 3813; x_wconf 89' lang='lat' dir='ltr'><strong>necessariorum</strong></span> <span class='ocrx_word' id='word_1_268' title='bbox 1107 3765 1233 3829; x_wconf 91' lang='lat' dir='ltr'><strong>semper</strong></span> <span class='ocrx_word' id='word_1_269' title='bbox 1254 3766 1310 3831; x_wconf 92' lang='lat' dir='ltr'><strong>pa-</strong></span> 
     </span>
     <span class='ocr_line' id='line_1_36' title="bbox 153 3846 1311 3931; baseline 0 -19"><span class='ocrx_word' id='word_1_270' title='bbox 153 3868 221 3912; x_wconf 89' lang='lat' dir='ltr'><strong>rum</strong></span> <span class='ocrx_word' id='word_1_271' title='bbox 244 3848 343 3915; x_wconf 81' lang='lat' dir='ltr'><strong>ferax.</strong></span> <span class='ocrx_word' id='word_1_272' title='bbox 389 3847 535 3931; x_wconf 90' lang='lat' dir='ltr'><strong>Optimae</strong></span> <span class='ocrx_word' id='word_1_273' title='bbox 559 3847 643 3913; x_wconf 91' lang='lat' dir='ltr'><strong>enim</strong></span> <span class='ocrx_word' id='word_1_274' title='bbox 664 3846 830 3912; x_wconf 89' lang='lat' dir='ltr'><strong>latinitatis</strong></span> <span class='ocrx_word' id='word_1_275' title='bbox 853 3848 1022 3931; x_wconf 90' lang='lat' dir='ltr'><strong>scriptores</strong></span> <span class='ocrx_word' id='word_1_276' title='bbox 1044 3865 1144 3911; x_wconf 89' lang='lat' dir='ltr'><strong>novas</strong></span> <span class='ocrx_word' id='word_1_277' title='bbox 1165 3865 1260 3911; x_wconf 88' lang='lat' dir='ltr'><strong>voces</strong></span> <span class='ocrx_word' id='word_1_278' title='bbox 1281 3852 1311 3912; x_wconf 90' lang='lat' dir='ltr'><strong>et</strong></span> 
     </span>
     <span class='ocr_line' id='line_1_37' title="bbox 154 3946 1310 4031; baseline 0.001 -20"><span class='ocrx_word' id='word_1_279' title='bbox 154 3948 290 4013; x_wconf 91' lang='lat' dir='ltr'><strong>antehac</strong></span> <span class='ocrx_word' id='word_1_280' title='bbox 311 3948 490 4030; x_wconf 89' lang='lat' dir='ltr'><strong>incognitas</strong></span> <span class='ocrx_word' id='word_1_281' title='bbox 512 3947 632 4031; x_wconf 89' lang='lat' dir='ltr'><strong>fingere</strong></span> <span class='ocrx_word' id='word_1_282' title='bbox 654 3947 776 4012; x_wconf 88' lang='lat' dir='ltr'><strong>animos</strong></span> <span class='ocrx_word' id='word_1_283' title='bbox 799 3969 863 4013; x_wconf 92' lang='lat' dir='ltr'><strong>non</strong></span> <span class='ocrx_word' id='word_1_284' title='bbox 885 3947 1075 4011; x_wconf 91' lang='lat' dir='ltr'><strong>induxerunt</strong></span> <span class='ocrx_word' id='word_1_285' title='bbox 1095 3946 1156 4011; x_wconf 93' lang='lat' dir='ltr'><strong>nisi</strong></span> <span class='ocrx_word' id='word_1_286' title='bbox 1185 3947 1310 4029; x_wconf 88' lang='lat' dir='ltr'><strong>gravati</strong></span> 
     </span>
     <span class='ocr_line' id='line_1_38' title="bbox 154 4045 1349 4131; baseline -0.003 -18"><span class='ocrx_word' id='word_1_287' title='bbox 154 4054 276 4114; x_wconf 89' lang='lat' dir='ltr'><strong>etcum</strong></span> <span class='ocrx_word' id='word_1_288' title='bbox 298 4047 428 4113; x_wconf 86' lang='lat' dir='ltr'><strong>fastidio</strong></span> <span class='ocrx_word' id='word_1_289' title='bbox 457 4047 611 4131; x_wconf 90' lang='lat' dir='ltr'><strong>quodam,</strong></span> <span class='ocrx_word' id='word_1_290' title='bbox 639 4047 723 4112; x_wconf 91' lang='lat' dir='ltr'><strong>unde</strong></span> <span class='ocrx_word' id='word_1_291' title='bbox 751 4054 828 4111; x_wconf 90' lang='lat' dir='ltr'><strong>nata</strong></span> <span class='ocrx_word' id='word_1_292' title='bbox 854 4052 903 4111; x_wconf 87' lang='lat' dir='ltr'><strong>est</strong></span> <span class='ocrx_word' id='word_1_293' title='bbox 930 4045 987 4111; x_wconf 92' lang='lat' dir='ltr'><strong>illa</strong></span> <span class='ocrx_word' id='word_1_294' title='bbox 1008 4051 1096 4110; x_wconf 90' lang='lat' dir='ltr'><strong>tanta</strong></span> <span class='ocrx_word' id='word_1_295' title='bbox 1122 4046 1310 4127; x_wconf 84' lang='lat' dir='ltr'><strong>„verborum</strong></span> <span class='ocrx_word' id='word_1_296' title='bbox 1346 4082 1349 4087; x_wconf 89' lang='lat'>·</span> 
     </span>
     <span class='ocr_line' id='line_1_39' title="bbox 152 4146 1309 4232; baseline 0 -21"><span class='ocrx_word' id='word_1_297' title='bbox 152 4155 340 4232; x_wconf 87' lang='lat' dir='ltr'><strong>paupertas,</strong></span> <span class='ocrx_word' id='word_1_298' title='bbox 371 4149 467 4213; x_wconf 91' lang='lat' dir='ltr'><strong>immo</strong></span> <span class='ocrx_word' id='word_1_299' title='bbox 490 4147 651 4230; x_wconf 88' lang='lat' dir='ltr'><strong>egestas“,</strong></span> <span class='ocrx_word' id='word_1_300' title='bbox 674 4153 705 4210; x_wconf 91' lang='lat' dir='ltr'><strong>et</strong></span> <span class='ocrx_word' id='word_1_301' title='bbox 725 4147 915 4230; x_wconf 89' lang='lat' dir='ltr'><strong>„angustiae</strong></span> <span class='ocrx_word' id='word_1_302' title='bbox 936 4146 1129 4221; x_wconf 85' lang='lat' dir='ltr'><strong>Romanae“,</strong></span> <span class='ocrx_word' id='word_1_303' title='bbox 1151 4166 1231 4229; x_wconf 93' lang='lat' dir='ltr'><strong>quas</strong></span> <span class='ocrx_word' id='word_1_304' title='bbox 1253 4146 1309 4211; x_wconf 89' lang='lat' dir='ltr'><strong>Se·</strong></span> 
     </span>
     <span class='ocr_line' id='line_1_40' title="bbox 153 4245 1309 4333; baseline 0 -21"><span class='ocrx_word' id='word_1_305' title='bbox 153 4267 233 4314; x_wconf 90' lang='lat' dir='ltr'><strong>neca</strong></span> <span class='ocrx_word' id='word_1_306' title='bbox 250 4248 326 4333; x_wconf 79' lang='lat' dir='ltr'><strong>(Ep.</strong></span> <span class='ocrx_word' id='word_1_307' title='bbox 339 4248 393 4332; x_wconf 82' lang='lat'><strong>58)</strong></span> <span class='ocrx_word' id='word_1_308' title='bbox 411 4248 612 4331; x_wconf 89' lang='lat' dir='ltr'><strong>conqueritur</strong></span> <span class='ocrx_word' id='word_1_309' title='bbox 632 4246 809 4330; x_wconf 90' lang='lat' dir='ltr'><strong>quibusque</strong></span> <span class='ocrx_word' id='word_1_310' title='bbox 824 4246 857 4310; x_wconf 93' lang='lat' dir='ltr'><strong>in</strong></span> <span class='ocrx_word' id='word_1_311' title='bbox 874 4246 1072 4330; x_wconf 87' lang='lat' dir='ltr'><strong>explicandis</strong></span> <span class='ocrx_word' id='word_1_312' title='bbox 1087 4245 1309 4332; x_wconf 90' lang='lat' dir='ltr'><strong>philosophiae</strong></span> 
     </span>
    </p>
   </div>
   <div class='ocr_carea' id='block_1_4' title="bbox 0 0 1554 4922">
    <p class='ocr_par' dir='ltr' id='par_1_5' title="bbox 0 0 1554 4922">
     <span class='ocr_line' id='line_1_41' title="bbox 0 0 1554 4922; baseline 0 3"><span class='ocrx_word' id='word_1_313' title='bbox 0 0 1554 4922; x_wconf 95' lang='lat' dir='ltr'><strong> </strong></span> 
     </span>
    </p>
   </div>
  </div>
 </body>
</html>
