3098 4922
746 244 954 313 -22..

272 424 372 490 dacus
395 424 554 490 Christum
575 427 764 511 temptans).
789 466 828 475 -
852 428 948 495 Cuius
970 430 1176 514 temptatione
1198 431 1429 501 circumventus

270 523 373 589 Judas
395 525 449 589 ille
470 527 635 610 apostolus
658 528 817 594 dominum
841 550 930 594 suum
953 530 1092 615 prodidit
1127 532 1256 598 tradem
1278 536 1429 601 adversa·
1525 532 1527 565 ³

270 625 343 707 riis,
375 625 459 690 unde
487 626 574 710 apud
601 627 685 692 Tert.
718 628 847 713 saepius
880 632 1064 696 traditor
1097 634 1145 715 (=
1163 634 1310 717 proditor
1334 636 1429 701 etiam

1525 608 1528 711 l

271 724 367 809 apud.
389 726 487 804 Tac.)
513 726 630 792 Christi
652 728 774 813 dicitur,
798 730 838 797 of.
860 732 895 797 P.
917 732 955 797 H.
979 733 999 799 3
1019 735 1086 817 ipse
1108 741 1129 798 t.
1155 732 1273 799 Christi
1294 737 1332 800 de
1353 757 1429 820 apo·
1527 744 1528 753 ’

269 827 460 909 stolisfnr't;
491 827 533 890 ib.
558 828 598 893 22
630 836 661 892 et
692 828 751 894 Mo.
774 829 821 914 11,
851 831 892 899 28
914 839 944 896 et
968 832 1029 915 ΙΙΙ,
1063 833 1209 900 7Jndas
1231 840 1267 916 t.;
1306 838 1366 900 An.
1391 839 1431 904 -14

269 925 375 991 Jndcs
394 928 533 1007 nondum
556 935 597 1005 t.;
621 927 691 993 Cor.
713 934 733 994 4
756 937 860 995 autern
882 933 1021 998 traditor
1048 935 1075 997 is
1098 933 1226 1017 dieitur,
1258 937 1311 1018 qui
1333 937 1432 1003 tradit

270 1027 392 1109 aliquid
405 1035 436 1092 et
453 1035 630 1112 propagat:
647 1032 733 1096 salec
755 1031 937 1097 traditionis
957 1041 1098 1115 respecta
1119 1054 1307 1122 pnocnmqne
1328 1040 1431 1104 tradi·
1529 1066 1530 1109 r

270 1136 337 1193 tore
363 1135 444 1207 (cr.)
461 1138 609 1195 censetur.
632 1167 672 1177 —
695 1132 770 1196 Veri
794 1137 899 1196 autem
922 1134 1126 1217 eiusdemque
1148 1137 1240 1200 unius
1254 1138 1314 1202 Dei
1337 1138 1431 1220 quasi

269 1253 444 1318 praecones
467 1224 611 1299 dicuntur
633 1232 701 1297 eius
722 1233 773 1298 vel
786 1232 903 1298 Christi
918 1237 1229 1319 praedicatores
1254 1242 1305 1316 (=
1328 1259 1429 1322 germ.
1530 1296 1531 1303 ,

268 1334 422 1421 Prediper
441 1361 479 1394 =
508 1331 611 1419 κήρυξ
631 1334 665 1396 in
699 1352 781 1398 novo
804 1339 892 1411 test.)
917 1335 1004 1419 apud
1024 1337 1109 1401 Tert-
1134 1344 1185 1413 (et
1205 1337 1239 1402 in
1259 1332 1364 1424 ang„
1388 1340 1430 1406 cf.

270 1435 428 1519 11112,
450 1436 470 1503 7
493 1439 524 1499 et
544 1434 657 1501 anim.
670 1434 700 1513 1,
723 1432 780 1517 11)
806 1441 1016 1517 coangustata
1037 1437 1126 1502 vocis
1150 1437 1190 1520 vi,
1213 1439 1331 1523 qnippe
1350 1460 1429 1523 quo-

270 1556 338 1602 rum
361 1536 412 1616 sit,
436 1535 640 1621 „praedicare
661 1537 788 1598 nnicnm
802 1534 893 1597 denm
912 1555 983 1616 esse,
1000 1540 1054 1621 qni
1068 1541 1214 1603 enicema
1231 1539 1429 1605 condiderit“

268 1637 330 1720 Ap.
355 1637 411 1719 183
434 1636 475 1702 cf.
498 1636 609 1719 Soorp.
632 1636 652 1700 8
674 1634 726 1699 dei
740 1655 775 1718 p.
799 1641 891 1720 atqne
912 1637 1023 1719 enitor,
1047 1657 1090 1702 sc.
1115 1639 1247 1719 Daniel;
1270 1639 1364 1706 Prax.
1388 1641 1432 1707 30

269 1739 402 1819 spiritns
422 1744 558 1819 sanctes,
581 1738 675 1799 nnins
695 1735 897 1800 monarchiae
920 1742 983 1810 (se.
1006 1738 1084 1822 Dei)
1098 1760 1157 1822 p.;
1179 1739 1214 1803 P.
1227 1739 1265 1803 Η.
1281 1739 1322 1807 23
1343 1740 1430 1805 Pau·

268 1839 318 1903 tes
338 1839 377 1903 de
391 1844 592 1920 persecutore
603 1835 718 1917 facins
736 1856 768 1919 p.
775 1857 788 1915 ;
809 1835 869 1900 Mc.
891 1836 949 1919 ΙΙΙ,
972 1837 1011 1904 17
1033 1843 1065 1902 et
1085 1837 1191 1907 tude
1214 1839 1356 1905 Christus
1374 1863 1430 1906 an

267 1941 431 2004 nuntiatus
448 1939 653 2023 praedicatur
671 1956 729 2020 per
749 1935 900 2017 Esaiam;
932 1936 991 2002 Mc.
1013 1938 1051 2017 V,
1073 1940 1092 2006 3
1115 1939 1176 2004 Dei
1203 1948 1232 2004 et
1254 1941 1373 2007 Christi
1388 1963 1425 2025 p.

267 2038 398 2105 Paetus.
420 2077 462 2087 -
493 2037 601 2102 Munia
633 2035 792 2118 quaedam
823 2036 1013 2102 Christianis
1044 2039 1077 2103 in
1110 2040 1246 2105 ecclesia
1278 2041 1432 2107 obeunda

267 2137 452 2223 significans
474 2138 596 2219 aliquot
615 2136 747 2202 vocibus
769 2137 848 2201 alia
869 2138 906 2202 vi
929 2138 1070 2203 dudum
1092 2141 1259 2206 usitatis
1279 2142 1339 2206 has
1361 2162 1431 2208 no·
1534 2212 1535 2217 γ

267 2258 336 2304 vas
357 2239 459 2304 induit
479 2238 641 2303 notiones:
662 2237 882 2322 Sponsores
905 2238 946 2302 ab
977 2258 1015 2303 eo
1039 2240 1124 2321 quod
1146 2241 1246 2306 sciam
1268 2243 1338 2308 solo
1360 2263 1428 2309 uno

267 2340 339 2405 loeo
366 2339 474 2423 (Bapt.
498 2341 552 2421 18)
576 2339 721 2404 dicuntur
741 2337 780 2419 ii,
815 2339 868 2421 qui
902 2339 1052 2423 baptismi
1084 2342 1287 2424 parvulorum
1317 2342 1431 2408 arbitri

272 2438 388 2519 (nostri
410 2439 502 2521 quasi
538 2440 715 2523 „Pathen“)
744 2445 832 2503 suut:
855 2443 1033 2522 „cunctatio
1055 2440 1200 2525 baptismi
1227 2445 1343 2508 ntih'or
1374 2451 1431 2520 est,
1535 2442 1536 2511 f

264 2543 435 2625 praecipue
456 2548 561 2605 temen
582 2542 668 2604 circa
682 2541 845 2624 parentes.
889 2539 973 2620 Quid
1007 2543 1089 2606 enirn
1115 2563 1234 2608 necesse
1265 2563 1432 2628 sponsores

268 2644 357 2707 etiam
388 2643 532 2723 periculo
563 2643 684 2726 inperi,
725 2643 778 2724 qni
809 2648 838 2704 et
857 2642 921 2724 ipsi
934 2658 997 2725 per
1015 2645 1239 2707 mortalitatem
1263 2644 1431 2708 destituere

263 2744 487 2827 promissiones
507 2762 581 2807 snas
596 2747 731 2826 possent
752 2747 781 2805 et
795 2749 953 2822 prouentu
981 2742 1085 2806 maiae
1105 2743 1224 2807 indolis
1234 2743 1365 2826 falli?“
1385 2779 1430 2791 -

267 2841 414 2906 Lector
435 2840 539 2906 auteiu
561 2862 645 2907 novo
681 2841 769 2906 vocis
800 2840 961 2906 intellectu
989 2842 1024 2905 P.
1046 2843 1084 2908 Η.
1108 2844 1148 2909 41
1182 2842 1305 2927 (itaque
1335 2843 1430 2908 hodie

269 2945 302 3024 1.,
325 2945 380 3029 qni
401 2964 472 3008 cras
493 2943 661 3021 diacones)
692 2940 805 3005 dieitur
830 2940 988 3006 secundus
1018 2941 1099 3007 inter
1127 2941 1265 3007 minores
1299 2942 1429 3007 ordines

267 3043 502 3110 ecclesiasticos
523 3043 701 3126 gradus-
725 3041 767 3105 Et
787 3043 952 3107 monitor
973 3041 1099 3124 quidem
1122 3041 1208 3125 apud
1224 3043 1308 3133 Tert.
1324 3043 1429 3107 solum
1473 3070 1484 3083 -

266 3143 294 3209 is
316 3145 512 3223 nominatur,
550 3143 604 3225 qui
638 3141 772 3207 ethnicis
799 3141 877 3206 deos
899 3141 1102 3224 precantibus
1138 3141 1263 3207 illorum
1296 3142 1429 3206 numina

267 3264 306 3310 ac
327 3250 503 3327 potestates
525 3243 702 3309 subiciebat
722 3241 891 3323 verbisque
913 3241 1060 3322 praeibat
1088 3242 1204 3324 quique
1226 3244 1427 3326 etiamprae·

266 3352 373 3410 centor
413 3348 483 3426 (ap.
513 3344 649 3427 Appul3
683 3362 773 3425 germ
829 3341 1020 3425 Vorsdnper,
1049 3340 1212 3420 Vordeter)
1249 3341 1425 3426 dicebatur,

267 3444 307 3510 of.
330 3445 391 3527 Ap.
414 3443 456 3510 30
477 3446 580 3525 capite
600 3443 686 3507 nndc
708 3442 839 3526 deniqne
856 3444 923 3506 sine
949 3442 1115 3522 monitore,
1146 3443 1220 3524 qnia
1247 3442 1430 3527 depectere

267 3562 403 3625 oramus,
425 3549 596 3627 precantes
608 3561 722 3606 sames.
745 3579 785 3589 -—
807 3542 1031 3606 Auditores
1052 3541 1187 3622 denique
1218 3545 1268 3621 (et
1296 3543 1426 3627 saepius

267 3645 492 3724 audientes)
517 3642 608 3724 quasi
630 3643 748 3708 tirones
761 3642 890 3725 quidam
905 3640 1156 3707 Christianorum
1173 3641 1333 3724 iidemque
1350 3662 1427 3709 non·

267 3744 342 3809 dum
375 3743 528 3827 baptizati
551 3743 710 3823 dicuntur,
736 3741 775 3806 cf.
804 3742 900 3805 Paen.
923 3740 944 3808 6
970 3742 1153 3806 auditorem
1176 3744 1333 3823 tirocinia,
1371 3743 1426 3825 qui

268 3844 468 3910 Christianae
489 3843 656 3926 religionis
677 3843 781 3926 prima
802 3843 960 3906 elementa
981 3841 1188 3907 docebantur.

351 3947 371 4024 ξ
394 3944 423 4010 8.
466 3942 526 4007 His
558 3963 597 4008 ea
613 3942 757 4007 verbalia
772 3963 841 4010 voc.
856 3941 1079 4025 adiungantur,
1103 3961 1185 4023 quae
1201 3961 1303 4007 nove
1326 3941 1428 4008 ficta
1535 3946 1536 3999 ἲ

266 4064 369 4126 neque
391 4043 479 4126 prius
502 4041 630 4125 cognita
647 4042 688 4106 ad
712 4041 1019 4107 ecclesiasticas
1042 4062 1093 4107 res
1106 4042 1264 4125 pertinent
1281 4061 1427 4124 quaeque

266 4143 351 4208 Tert.
380 4149 434 4208 aut
460 4162 500 4207 ex
528 4162 588 4207 scr.
612 4163 671 4208 sor.
696 4142 809 4207 Latine
831 4143 935 4207 attulit
957 4148 1012 4206 aut
1040 4141 1109 4225 ipse
1137 4141 1256 4223 primus
1286 4143 1425 4226 protulit.

267 4243 316 4307 Ex
330 4242 568 4326 interpretation
585 4243 655 4308 Lat.
673 4263 733 4308 scr.
750 4262 810 4308 scr.
833 4243 932 4307 allata
952 4242 1034 4306 haec
1055 4241 1137 4324 legis
1153 4260 1252 4307 nova:
1274 4242 1426 4309 Saluti·
1446 4283 1447 4286 =

880 4450 895 4485 l
