3098 4922
586 296 789 365 ..21-

107 480 235 547 iidem
257 481 308 545 vel
330 478 515 544 instituta
536 484 690 563 spectant.
723 479 848 546 Deinde
870 499 910 546 ea
930 479 1164 562 subsequantur
1184 499 1265 559 roo,

106 602 192 666 quae
214 581 310 661 Tert,
333 579 449 645 attuit
471 579 538 661 ,vir
559 585 590 643 et
611 576 718 664 legum
740 586 772 645 et
802 580 1029 645 institutionum
1052 581 1266 646 Romanarum

105 682 339 768 peritissimus“
364 680 420 764 (ef.
443 677 544 744 Rufin.
567 679 648 744 Hist.
672 681 802 758 000111,
824 681 874 764 2),
897 701 938 746 ex
959 680 1113 746 forensi
1134 699 1194 745 usu
1216 699 1266 744 as·

105 783 253 867 sumpsit.
296 782 377 845 Tum
399 799 438 845 ea
460 799 700 863 persequemur,
734 800 816 863 quae
842 781 912 862 ille,
943 786 977 845 ut
1005 781 1065 847 fuit
1094 780 1267 847 acerrimus

105 883 312 949 Christianae
347 900 463 946 eausae
486 888 720 964 propugnator,
757 900 796 945 ex
828 880 995 947 militari
1039 882 1176 947 dictione
1211 880 1265 946 de·

105 983 274 1069 prompsit.
317 981 462 1063 Denique
484 980 588 1044 varii
622 980 748 1063 generis
770 1000 865 1046 voees
887 982 1091 1065 explicentur.
1136 981 1184 1046 Ex
1216 981 1267 1045 his

106 1107 147 1152 ea
168 1086 257 1170 prius
281 1101 453 1165 congerere
475 1081 553 1146 libet
573 1080 731 1145 voeabula
756 1081 903 1165 mobilia,
938 1103 1020 1166 quae
1052 1084 1115 1164 iam
1143 1082 1265 1167 pridem

106 1185 270 1253 exstantia
290 1183 375 1248 Tert.
398 1182 431 1246 in
453 1179 661 1246 ecclesiastici
685 1180 810 1246 dieendi
832 1185 959 1267 generis
980 1183 1158 1269 poviusum
1175 1183 1266 1247 novis

105 1284 291 1353 notionibus
311 1282 498 1348 instruxisse
519 1282 640 1366 primus
661 1280 828 1349 invenitur.

191 1383 469 1466 Redemptoris
492 1382 580 1447 voois
602 1381 788 1466 principalis
821 1384 869 1449 vis
900 1383 1070 1468 duplioitnr
1101 1374 1267 1448 immutata

105 1486 225 1571 legitur
253 1485 339 1569 apud
361 1484 446 1549 Tert.
468 1484 532 1547 Aut
558 1483 641 1547 enim
663 1504 690 1548 r.
724 1481 809 1566 apud
837 1503 907 1548 eum
939 1484 1024 1549 idem
1057 1484 1143 1549 valet
1171 1488 1266 1566 atque

107 1595 240 1670 ereptor,
264 1585 303 1651 01.
325 1586 385 1649 An.
408 1585 464 1651 34:
506 1583 616 1649 Sirena
636 1583 810 1649 Samarites
829 1587 865 1648 ire
886 1586 975 1649 Actis
995 1585 1217 1670 Apostolorum
1237 1605 1266 1647 r.

107 1690 240 1774 spiritus
259 1687 378 1765 narrati·
410 1684 454 1749 ld.
480 1684 520 1751 12
544 1706 571 1749 r.
594 1687 801 1766 uictimarum,
824 1690 878 1748 aut
900 1684 962 1750 hae
989 1704 1067 1751 vose
1088 1684 1158 1750 Lat.
1180 1683 1266 1767 apud

108 1809 180 1855 eum
202 1787 337 1871 primam
359 1786 487 1850 Petrum
515 1785 543 1849 is
572 1783 785 1868 significatur,
818 1784 871 1867 qui
900 1785 1039 1866 aliquem
1068 1804 1088 1849 a
1117 1784 1266 1849 servitute

107 1890 160 1955 vel
181 1907 287 1971 poena
306 1885 408 1969 pretio
431 1885 539 1951 oblato
560 1885 676 1949 liberat
699 1892 750 1961 (=
772 1905 871 1968 germ.
893 1884 1050 1969 Erldser),
1071 1884 1112 1949 of.
1134 1884 1193 1950 Mo.
1212 1883 1265 1966 IV,

107 1991 167 2056 43:
201 2008 259 2052 aas
286 1994 388 2051 aretem
418 1985 610 2068 putabamus
643 1987 745 2069 ipsam
783 2005 846 2050 esse
877 1986 1103 2068 redemptorem
1135 1985 1268 2049 Israiiis

111 2087 378 2173 (1.00.24,21);
412 2086 454 2149 ib.
477 2084 577 2149 inira:
611 2084 753 2150 Christus
780 2106 807 2148 r.
831 2085 963 2150 Israelis
970 2108 983 2163 ;
1017 2084 1267 2152 11620111-

12 2248 14 2263 ,
107 2197 175 2254 stas
196 2190 301 2254 corais
321 2207 359 2268 r,
383 2184 467 2250 unde
488 2185 571 2250 haee
593 2185 709 2250 Christi
733 2186 909 2269 appellatio
929 2187 962 2250 in
984 2192 1159 2252 oeterorum
1180 2185 1267 2249 Eool.

12 2288 14 2303 '
107 2309 200 2356 nsum
222 2287 301 2352 abiit
312 2286 360 2370 1).
383 2286 533 2351 —Idem
555 2286 649 2350 etiam
671 2287 871 2373 mediator
897 2286 1019 2368 dieitur,
1042 2306 1106 2368 qua
1126 2304 1205 2350 vooe
1226 2284 1267 2349 ab

109 2390 227 2474 Appul.
249 2387 351 2472 primo
373 2388 500 2471 prolata
522 2386 549 2452 is
572 2386 778 2485 significatur,
804 2387 857 2469 qui
879 2407 913 2452 se
941 2387 1079 2452 medium
1100 2384 1182 2451 inter
1204 2385 1267 2449 dis·

11 2478 13 2537 1
109 2489 250 2554 sidentes
273 2487 444 2570 interponit
465 2487 506 2551 ad
528 2487 600 2552 lites
618 2487 863 2570 componendas.
896 2486 992 2569 Apud
1012 2488 1097 2552 Tert.
1121 2491 1166 2570 (et
1181 2486 1266 2567 1101.)

11 2584 12 2657 1
109 2590 243 2674 primum
264 2589 326 2653 heo
346 2607 425 2652 vose
447 2586 573 2652 reddita
593 2588 708 2671 legitur
723 2588 848 2653 Graeca
864 2586 922 2651 illa
941 2588 1015 2651 novi
1037 2594 1109 2653 test.
1131 2593 1267 2673 pentano

11 2664 12 2749 1
111 2690 144 2755 C.
158 2689 193 2755 O.
216 2691 256 2755 15
278 2710 315 2753 m.
337 2687 399 2752 Dei
422 2695 450 2753 et
470 2688 638 2769 heminam,
660 2689 751 2753 tomo
775 2688 917 2752 Christus
937 2686 1030 2752 Jesas
1053 2689 1086 2770 (1
1098 2688 1178 2752 Tim.
1190 2688 1220 2770 2,
1232 2686 1266 2770 5)

11 2796 12 2861 ἶ
110 2825 144 2854 =
165 2790 276 2873 Vulg.;
315 2790 385 2853 aliis
408 2789 487 2855 loeis
507 2789 582 2854 huia
609 2788 818 2872 appellationi
845 2788 885 2852 ab
914 2786 985 2870 ipso
1018 2788 1187 2853 substituta
1219 2793 1268 2851 est

109 2910 172 2954 vox
194 2889 388 2971 frequentior
408 2889 635 2971 sequestris
658 2891 697 2955 n.
721 2890 754 2954 Ο.
778 2890 829 2956 51.
851 2887 892 2955 63
914 2894 946 2952 01
968 2889 1062 2955 Prax.
1084 2887 1142 2955 27:
1172 2887 1222 2953 110
1242 2907 1267 2951 s.

109 2990 170 3055 Dei
191 2996 283 3074 atqae
303 2988 471 3054 homiaem.
496 3027 533 3037 -
558 2990 706 3055 Orator
727 2998 831 3055 autem
855 2995 903 3074 (=
921 2989 1159 3074 precatoriam
1181 2987 1267 3072 apud

110 3092 225 3171 Plaut.)
247 3090 334 3174 apud
344 3089 432 3153 Tert.
455 3090 589 3172 primum
612 3111 652 3154 ex
674 3090 783 3154 nativa
798 3091 910 3156 orandi
934 3090 1023 3156 verbi
1046 3090 1078 3154 vi
1098 3090 1127 3154 is
1143 3088 1266 3164 dieitur,

111 3190 163 3273 qui
187 3191 289 3255 Deum
311 3189 439 3254 invooat
469 3189 510 3253 ad
544 3209 677 3272 eumque
702 3210 814 3274 preses
847 3191 969 3274 dirigit,
1003 3189 1044 3255 of.
1066 3189 1125 3256 Mo.
1149 3187 1203 3269 IV,
1226 3188 1267 3256 36

110 3291 160 3356 dei
181 3297 329 3355 oratores.
351 3325 392 3337 —-
415 3284 620 3354 Creatoris
641 3291 815 3374 appellatio
838 3291 959 3356 a'l'ert.
982 3290 1084 3376 primo
1108 3287 1150 3353 ad
1163 3289 1265 3354 Deum

110 3391 210 3457 solum
232 3390 382 3471 refertur,
416 3390 502 3455 010.
532 3397 637 3454 moster
655 3390 742 3455 Deae
763 3391 823 3456 Mo.
845 3390 926 3472 1‚9;
948 3391 985 3472 V,
1007 3392 1036 3459 6.
1058 3428 1100 3437 -
1122 3389 1179 3453 Oui
1211 3389 1266 3454 ob·

111 3497 191 3556 stare
214 3490 351 3556 ereditur
371 3490 520 3573 princeps
541 3490 595 3555 ille
617 3492 771 3555 malorum
799 3491 979 3575 spirituum,
1012 3491 1168 3572 Satanas,
1202 3489 1266 3572 qui,

112 3612 179 3657 oum
200 3590 362 3656 hominum
384 3590 507 3654 animos
529 3595 683 3673 temptare
712 3591 847 3671 studeat,
889 3590 1067 3655 Horatiana
1101 3591 1158 3655 illa
1188 3608 1266 3654 vooe

111 3698 327 3773 temptator
348 3688 504 3774 appellari
527 3690 611 3772 apud
637 3689 722 3755 Tert.
746 3691 827 3756 solet
858 3697 913 3755 aut
932 3687 1003 3757 κατ’
1025 3687 1071 3768 ἐξ.
1095 3690 1135 3756 01.
1157 3691 1226 3754 Pat.
1248 3689 1268 3755 3

111 3795 302 3873 temptatoris
322 3810 503 3878 compressas
523 3791 598 3856 solis
617 3790 718 3855 verbis
739 3792 881 3875 repellit;
914 3790 974 3855 Mo.
998 3790 1056 3872 111,
1078 3791 1099 3858 7
1121 3789 1266 3856 diabolas

109 3899 175 3976 post
196 3891 350 3977 baptisma
371 3899 392 3957 1.
417 3891 547 3971 Christi,
580 3897 635 3957 aut
665 3891 796 3975 epitheti
828 3892 916 3973 loeo,
953 3890 993 3959 01.
1015 3890 1074 3957 Μο.
1097 3891 1157 3969 IV,
1180 3890 1221 3956 26
1243 3896 1264 3952 1.

110 3993 256 4077 tapam
292 3992 346 4074 (6.
371 3991 404 4057 Ο.
427 3993 447 4058 7
469 3999 574 4057 autem
602 3999 625 4057 1.
657 3996 788 4057 vooatur
815 3991 904 4075 legis'
925 3991 1036 4056 dootor
1059 3989 1189 4073 quidam
1210 3989 1265 4054 Ju-

180 4278 208 4347 *)
227 4279 260 4333 In
278 4277 361 4348 Vulg.
383 4278 548 4347 (1011031.)
568 4294 593 4333 r.
612 4275 669 4332 diei
686 4275 759 4332 00101
777 4276 854 4331 Dens
875 4277 921 4344 (=
941 4271 1082 4348 λυτρωτής
1100 4291 1133 4323 =
1152 4269 1238 4358 1111).
