<?xml version="1.0" encoding="UTF-8"?>
<!DOCTYPE html PUBLIC "-//W3C//DTD XHTML 1.0 Transitional//EN"
    "http://www.w3.org/TR/xhtml1/DTD/xhtml1-transitional.dtd">
<html xmlns="http://www.w3.org/1999/xhtml" xml:lang="en" lang="en">
 <head>
  <title>
</title>
<meta http-equiv="Content-Type" content="text/html;charset=utf-8" />
  <meta name='ocr-system' content='tesseract 3.04.00' />
  <meta name='ocr-capabilities' content='ocr_page ocr_carea ocr_par ocr_line ocrx_word'/>
</head>
<body>
  <div class='ocr_page' id='page_1' title='image "./inestcommentati00schmgoog_0009.png"; bbox 0 0 3098 4922; ppageno 0'>
   <div class='ocr_carea' id='block_1_1' title="bbox 707 322 916 389">
    <p class='ocr_par' dir='ltr' id='par_1_1' title="bbox 707 322 916 389">
     <span class='ocr_line' id='line_1_1' title="bbox 707 322 916 389; baseline 0 -16"><span class='ocrx_word' id='word_1_1' title='bbox 707 322 916 389; x_wconf 75' lang='lat' dir='ltr'>..IV-</span> 
     </span>
    </p>
   </div>
   <div class='ocr_carea' id='block_1_2' title="bbox 167 496 1389 2766">
    <p class='ocr_par' dir='ltr' id='par_1_2' title="bbox 167 496 1389 1613">
     <span class='ocr_line' id='line_1_2' title="bbox 233 496 1388 588; baseline -0.001 -17"><span class='ocrx_word' id='word_1_2' title='bbox 233 513 266 572; x_wconf 93' lang='lat' dir='ltr'><strong>ut</strong></span> <span class='ocrx_word' id='word_1_3' title='bbox 286 507 332 572; x_wconf 91' lang='lat' dir='ltr'><strong>ita</strong></span> <span class='ocrx_word' id='word_1_4' title='bbox 354 506 457 573; x_wconf 87' lang='lat' dir='ltr'><strong>dicam</strong></span> <span class='ocrx_word' id='word_1_5' title='bbox 479 505 654 588; x_wconf 84' lang='lat' dir='ltr'><strong>subsiciva,</strong></span> <span class='ocrx_word' id='word_1_6' title='bbox 687 496 756 574; x_wconf 85' lang='lat' dir='ltr'><strong>eum</strong></span> <span class='ocrx_word' id='word_1_7' title='bbox 778 509 811 579; x_wconf 86' lang='lat' dir='ltr'><strong>in</strong></span> <span class='ocrx_word' id='word_1_8' title='bbox 833 507 1079 573; x_wconf 82' lang='lat' dir='ltr'><strong>existimantium</strong></span> <span class='ocrx_word' id='word_1_9' title='bbox 1102 507 1264 572; x_wconf 84' lang='lat' dir='ltr'><strong>arbitrium</strong></span> <span class='ocrx_word' id='word_1_10' title='bbox 1285 505 1388 572; x_wconf 85' lang='lat' dir='ltr'><strong>venis-</strong></span> 
     </span>
     <span class='ocr_line' id='line_1_3' title="bbox 233 634 1389 719; baseline -0.001 -20"><span class='ocrx_word' id='word_1_11' title='bbox 233 640 295 718; x_wconf 86' lang='lat' dir='ltr'><strong>set,</strong></span> <span class='ocrx_word' id='word_1_12' title='bbox 321 635 566 718; x_wconf 84' lang='lat' dir='ltr'><strong>improbaretur,</strong></span> <span class='ocrx_word' id='word_1_13' title='bbox 594 634 652 699; x_wconf 92' lang='lat' dir='ltr'><strong>sed</strong></span> <span class='ocrx_word' id='word_1_14' title='bbox 674 634 735 701; x_wconf 91' lang='lat' dir='ltr'><strong>hoo</strong></span> <span class='ocrx_word' id='word_1_15' title='bbox 756 635 920 719; x_wconf 84' lang='lat' dir='ltr'><strong>indignor,</strong></span> <span class='ocrx_word' id='word_1_16' title='bbox 951 634 1036 717; x_wconf 91' lang='lat' dir='ltr'><strong>quod</strong></span> <span class='ocrx_word' id='word_1_17' title='bbox 1052 635 1119 700; x_wconf 70' lang='lat' dir='ltr'><strong>&#39;boe</strong></span> <span class='ocrx_word' id='word_1_18' title='bbox 1140 654 1237 700; x_wconf 87' lang='lat' dir='ltr'><strong>nuno</strong></span> <span class='ocrx_word' id='word_1_19' title='bbox 1263 634 1389 699; x_wconf 87' lang='lat' dir='ltr'><strong>demum</strong></span> 
     </span>
     <span class='ocr_line' id='line_1_4' title="bbox 231 761 1388 847; baseline 0.002 -22"><span class='ocrx_word' id='word_1_20' title='bbox 231 761 327 844; x_wconf 90' lang='lat' dir='ltr'><strong>idque</strong></span> <span class='ocrx_word' id='word_1_21' title='bbox 359 761 537 847; x_wconf 87' lang='lat' dir='ltr'><strong>nuperrime</strong></span> <span class='ocrx_word' id='word_1_22' title='bbox 568 769 707 829; x_wconf 88' lang='lat' dir='ltr'><strong>oetavo</strong></span> <span class='ocrx_word' id='word_1_23' title='bbox 738 783 836 827; x_wconf 93' lang='lat' dir='ltr'><strong>anno</strong></span> <span class='ocrx_word' id='word_1_24' title='bbox 864 767 938 846; x_wconf 92' lang='lat' dir='ltr'><strong>post</strong></span> <span class='ocrx_word' id='word_1_25' title='bbox 966 762 1054 827; x_wconf 91' lang='lat' dir='ltr'><strong>illam</strong></span> <span class='ocrx_word' id='word_1_26' title='bbox 1081 762 1186 845; x_wconf 85' lang='lat' dir='ltr'><strong>ipsam</strong></span> <span class='ocrx_word' id='word_1_27' title='bbox 1207 761 1323 827; x_wconf 86' lang='lat' dir='ltr'><strong>editam</strong></span> <span class='ocrx_word' id='word_1_28' title='bbox 1347 763 1388 827; x_wconf 94' lang='lat' dir='ltr'><strong>ab</strong></span> 
     </span>
     <span class='ocr_line' id='line_1_5' title="bbox 232 889 1388 974; baseline 0 -21"><span class='ocrx_word' id='word_1_29' title='bbox 232 890 446 955; x_wconf 90' lang='lat' dir='ltr'><strong>existimatore</strong></span> <span class='ocrx_word' id='word_1_30' title='bbox 486 891 624 974; x_wconf 89' lang='lat' dir='ltr'><strong>quodam</strong></span> <span class='ocrx_word' id='word_1_31' title='bbox 664 892 757 956; x_wconf 89' lang='lat' dir='ltr'><strong>dooto</strong></span> <span class='ocrx_word' id='word_1_32' title='bbox 798 890 831 954; x_wconf 91' lang='lat' dir='ltr'><strong>in</strong></span> <span class='ocrx_word' id='word_1_33' title='bbox 870 890 950 955; x_wconf 83' lang='lat' dir='ltr'><strong>antis</strong></span> <span class='ocrx_word' id='word_1_34' title='bbox 984 889 1172 972; x_wconf 90' lang='lat' dir='ltr'><strong>quibusdam</strong></span> <span class='ocrx_word' id='word_1_35' title='bbox 1216 889 1388 973; x_wconf 81' lang='lat' dir='ltr'><strong>philologis</strong></span> 
     </span>
     <span class='ocr_line' id='line_1_6' title="bbox 232 994 1386 1102; baseline 0.002 -21"><span class='ocrx_word' id='word_1_36' title='bbox 232 1036 357 1100; x_wconf 91' lang='lat' dir='ltr'><strong>aequo</strong></span> <span class='ocrx_word' id='word_1_37' title='bbox 386 1018 513 1100; x_wconf 90' lang='lat' dir='ltr'><strong>quidem</strong></span> <span class='ocrx_word' id='word_1_38' title='bbox 541 1019 667 1083; x_wconf 91' lang='lat' dir='ltr'><strong>multo</strong></span> <span class='ocrx_word' id='word_1_39' title='bbox 697 1018 827 1083; x_wconf 88' lang='lat' dir='ltr'><strong>serius</strong></span> <span class='ocrx_word' id='word_1_40' title='bbox 855 1018 1060 1102; x_wconf 80' lang='lat' dir='ltr'><strong>factumest,</strong></span> <span class='ocrx_word' id='word_1_41' title='bbox 1092 994 1300 1102; x_wconf 73' lang='lat' dir='ltr'><strong>posteaquam</strong></span> <span class='ocrx_word' id='word_1_42' title='bbox 1323 1017 1386 1083; x_wconf 93' lang='lat' dir='ltr'><strong>du·</strong></span> 
     </span>
     <span class='ocr_line' id='line_1_7' title="bbox 232 1128 1386 1230; baseline 0.002 -21"><span class='ocrx_word' id='word_1_43' title='bbox 232 1128 315 1210; x_wconf 89' lang='lat' dir='ltr'><strong>dum</strong></span> <span class='ocrx_word' id='word_1_44' title='bbox 349 1146 425 1228; x_wconf 91' lang='lat' dir='ltr'><strong>quid</strong></span> <span class='ocrx_word' id='word_1_45' title='bbox 457 1166 548 1211; x_wconf 85' lang='lat' dir='ltr'><strong>seous</strong></span> <span class='ocrx_word' id='word_1_46' title='bbox 583 1146 616 1210; x_wconf 91' lang='lat' dir='ltr'><strong>in</strong></span> <span class='ocrx_word' id='word_1_47' title='bbox 647 1147 703 1212; x_wconf 90' lang='lat' dir='ltr'><strong>illa</strong></span> <span class='ocrx_word' id='word_1_48' title='bbox 731 1145 999 1212; x_wconf 80' lang='lat' dir='ltr'><strong>commentatione</strong></span> <span class='ocrx_word' id='word_1_49' title='bbox 1033 1145 1182 1211; x_wconf 77' lang='lat' dir='ltr'><strong>ceciderit</strong></span> <span class='ocrx_word' id='word_1_50' title='bbox 1216 1145 1286 1230; x_wconf 91' lang='lat' dir='ltr'><strong>ipse</strong></span> <span class='ocrx_word' id='word_1_51' title='bbox 1316 1167 1386 1230; x_wconf 89' lang='lat' dir='ltr'><strong>per-</strong></span> 
     </span>
     <span class='ocr_line' id='line_1_8' title="bbox 231 1271 1387 1357; baseline 0.002 -21"><span class='ocrx_word' id='word_1_52' title='bbox 231 1277 374 1356; x_wconf 78' lang='lat' dir='ltr'><strong>spectum</strong></span> <span class='ocrx_word' id='word_1_53' title='bbox 409 1272 528 1356; x_wconf 85' lang='lat' dir='ltr'><strong>habeo,</strong></span> <span class='ocrx_word' id='word_1_54' title='bbox 573 1274 664 1356; x_wconf 87' lang='lat' dir='ltr'><strong>quasi</strong></span> <span class='ocrx_word' id='word_1_55' title='bbox 702 1274 831 1357; x_wconf 84' lang='lat' dir='ltr'><strong>ingenio</strong></span> <span class='ocrx_word' id='word_1_56' title='bbox 868 1274 899 1339; x_wconf 91' lang='lat' dir='ltr'><strong>in</strong></span> <span class='ocrx_word' id='word_1_57' title='bbox 934 1273 1064 1355; x_wconf 87' lang='lat' dir='ltr'><strong>aliquod</strong></span> <span class='ocrx_word' id='word_1_58' title='bbox 1098 1271 1237 1337; x_wconf 92' lang='lat' dir='ltr'><strong>studium</strong></span> <span class='ocrx_word' id='word_1_59' title='bbox 1267 1273 1387 1338; x_wconf 88' lang='lat' dir='ltr'><strong>intento</strong></span> 
     </span>
     <span class='ocr_line' id='line_1_9' title="bbox 231 1399 1387 1485; baseline 0 -21"><span class='ocrx_word' id='word_1_60' title='bbox 231 1399 272 1464; x_wconf 93' lang='lat' dir='ltr'><strong>sit</strong></span> <span class='ocrx_word' id='word_1_61' title='bbox 293 1400 528 1465; x_wconf 87' lang='lat' dir='ltr'><strong>subsistendum</strong></span> <span class='ocrx_word' id='word_1_62' title='bbox 549 1401 581 1465; x_wconf 94' lang='lat' dir='ltr'><strong>in</strong></span> <span class='ocrx_word' id='word_1_63' title='bbox 603 1420 666 1466; x_wconf 93' lang='lat' dir='ltr'><strong>una</strong></span> <span class='ocrx_word' id='word_1_64' title='bbox 688 1402 863 1483; x_wconf 89' lang='lat' dir='ltr'><strong>eademqne</strong></span> <span class='ocrx_word' id='word_1_65' title='bbox 885 1399 1063 1485; x_wconf 90' lang='lat' dir='ltr'><strong>exponendi</strong></span> <span class='ocrx_word' id='word_1_66' title='bbox 1080 1401 1201 1466; x_wconf 91' lang='lat' dir='ltr'><strong>ratione</strong></span> <span class='ocrx_word' id='word_1_67' title='bbox 1218 1421 1277 1466; x_wconf 89' lang='lat' dir='ltr'><strong>neo</strong></span> <span class='ocrx_word' id='word_1_68' title='bbox 1294 1400 1387 1484; x_wconf 85' lang='lat' dir='ltr'><strong>eopia</strong></span> 
     </span>
     <span class='ocr_line' id='line_1_10' title="bbox 167 1502 1216 1613; baseline 0.001 -21"><span class='ocrx_word' id='word_1_69' title='bbox 167 1540 170 1547; x_wconf 74' lang='grc'><strong>”</strong></span> <span class='ocrx_word' id='word_1_70' title='bbox 231 1525 273 1592; x_wconf 93' lang='lat' dir='ltr'><strong>sit</strong></span> <span class='ocrx_word' id='word_1_71' title='bbox 294 1527 322 1592; x_wconf 94' lang='lat' dir='ltr'><strong>ei</strong></span> <span class='ocrx_word' id='word_1_72' title='bbox 345 1502 421 1592; x_wconf 85' lang='lat' dir='ltr'><strong>data</strong></span> <span class='ocrx_word' id='word_1_73' title='bbox 441 1533 583 1612; x_wconf 89' lang='lat' dir='ltr'><strong>tempore</strong></span> <span class='ocrx_word' id='word_1_74' title='bbox 606 1534 638 1594; x_wconf 93' lang='lat' dir='ltr'><strong>et</strong></span> <span class='ocrx_word' id='word_1_75' title='bbox 657 1528 857 1613; x_wconf 90' lang='lat' dir='ltr'><strong>perpoliendi</strong></span> <span class='ocrx_word' id='word_1_76' title='bbox 880 1549 949 1594; x_wconf 87' lang='lat' dir='ltr'><strong>eam</strong></span> <span class='ocrx_word' id='word_1_77' title='bbox 973 1535 1004 1593; x_wconf 92' lang='lat' dir='ltr'><strong>et</strong></span> <span class='ocrx_word' id='word_1_78' title='bbox 1026 1527 1216 1611; x_wconf 80' lang='lat' dir='ltr'><strong>corrigendi.</strong></span> 
     </span>
    </p>

    <p class='ocr_par' dir='ltr' id='par_1_3' title="bbox 313 1653 975 1747">
     <span class='ocr_line' id='line_1_11' title="bbox 313 1653 975 1747; baseline -0.005 -25"><span class='ocrx_word' id='word_1_79' title='bbox 313 1655 379 1722; x_wconf 85' lang='lat' dir='ltr'><strong>Sed</strong></span> <span class='ocrx_word' id='word_1_80' title='bbox 399 1662 490 1743; x_wconf 81' lang='grc' dir='ltr'><strong><em>τρεῖν</em></strong></span> <span class='ocrx_word' id='word_1_81' title='bbox 511 1654 605 1738; x_wconf 77' lang='grc' dir='ltr'><strong><em>μὀὕκ</em></strong></span> <span class='ocrx_word' id='word_1_82' title='bbox 625 1653 666 1747; x_wconf 73' lang='grc' dir='ltr'><strong>ἐᾷ</strong></span> <span class='ocrx_word' id='word_1_83' title='bbox 687 1657 822 1732; x_wconf 80' lang='grc' dir='ltr'><em>Παλλὰς</em></span> <span class='ocrx_word' id='word_1_84' title='bbox 843 1654 975 1741; x_wconf 72' lang='grc' dir='ltr'><em>Ἀθήνη.</em></span> 
     </span>
    </p>

    <p class='ocr_par' dir='ltr' id='par_1_4' title="bbox 228 1781 1387 2766">
     <span class='ocr_line' id='line_1_12' title="bbox 311 1781 1387 1867; baseline 0.001 -20"><span class='ocrx_word' id='word_1_85' title='bbox 311 1781 384 1847; x_wconf 88' lang='lat' dir='ltr'><strong>Non</strong></span> <span class='ocrx_word' id='word_1_86' title='bbox 407 1783 489 1847; x_wconf 90' lang='lat' dir='ltr'><strong>enim</strong></span> <span class='ocrx_word' id='word_1_87' title='bbox 512 1784 637 1849; x_wconf 86' lang='lat' dir='ltr'><strong>substiti</strong></span> <span class='ocrx_word' id='word_1_88' title='bbox 658 1783 691 1848; x_wconf 94' lang='lat' dir='ltr'><strong>in</strong></span> <span class='ocrx_word' id='word_1_89' title='bbox 712 1783 769 1847; x_wconf 95' lang='lat' dir='ltr'><strong>illa</strong></span> <span class='ocrx_word' id='word_1_90' title='bbox 791 1783 914 1847; x_wconf 92' lang='lat' dir='ltr'><strong>ratione</strong></span> <span class='ocrx_word' id='word_1_91' title='bbox 936 1803 1031 1866; x_wconf 89' lang='lat' dir='ltr'><strong>qnam</strong></span> <span class='ocrx_word' id='word_1_92' title='bbox 1052 1783 1141 1848; x_wconf 91' lang='lat' dir='ltr'><strong>initio</strong></span> <span class='ocrx_word' id='word_1_93' title='bbox 1164 1783 1306 1867; x_wconf 85' lang='lat' dir='ltr'><strong>inieram,</strong></span> <span class='ocrx_word' id='word_1_94' title='bbox 1330 1783 1387 1850; x_wconf 88' lang='lat' dir='ltr'><strong>sed</strong></span> 
     </span>
     <span class='ocr_line' id='line_1_13' title="bbox 231 1909 1386 1994; baseline -0.001 -17"><span class='ocrx_word' id='word_1_95' title='bbox 231 1932 300 1977; x_wconf 88' lang='lat' dir='ltr'><strong>oum</strong></span> <span class='ocrx_word' id='word_1_96' title='bbox 323 1910 509 1977; x_wconf 87' lang='lat' dir='ltr'><strong>assiduitate</strong></span> <span class='ocrx_word' id='word_1_97' title='bbox 532 1918 564 1977; x_wconf 92' lang='lat' dir='ltr'><strong>et</strong></span> <span class='ocrx_word' id='word_1_98' title='bbox 590 1910 747 1976; x_wconf 90' lang='lat' dir='ltr'><strong>industria</strong></span> <span class='ocrx_word' id='word_1_99' title='bbox 769 1916 922 1976; x_wconf 80' lang='lat' dir='ltr'><strong>nocturna</strong></span> <span class='ocrx_word' id='word_1_100' title='bbox 950 1909 1125 1994; x_wconf 91' lang='lat' dir='ltr'><strong>diurnaque</strong></span> <span class='ocrx_word' id='word_1_101' title='bbox 1146 1931 1241 1976; x_wconf 89' lang='lat' dir='ltr'><strong>manu</strong></span> <span class='ocrx_word' id='word_1_102' title='bbox 1263 1912 1386 1976; x_wconf 85' lang='lat' dir='ltr'><strong>Tertul-</strong></span> 
     </span>
     <span class='ocr_line' id='line_1_14' title="bbox 229 2038 1386 2125; baseline -0.003 -19"><span class='ocrx_word' id='word_1_103' title='bbox 229 2038 349 2106; x_wconf 92' lang='lat' dir='ltr'><strong>lianum</strong></span> <span class='ocrx_word' id='word_1_104' title='bbox 364 2059 492 2105; x_wconf 88' lang='lat' dir='ltr'><strong>versare</strong></span> <span class='ocrx_word' id='word_1_105' title='bbox 507 2040 643 2125; x_wconf 87' lang='lat' dir='ltr'><strong>perrexi.</strong></span> <span class='ocrx_word' id='word_1_106' title='bbox 685 2039 756 2117; x_wconf 80' lang='lat' dir='ltr'><strong>Quo</strong></span> <span class='ocrx_word' id='word_1_107' title='bbox 771 2040 919 2105; x_wconf 92' lang='lat' dir='ltr'><strong>intentius</strong></span> <span class='ocrx_word' id='word_1_108' title='bbox 936 2044 1042 2104; x_wconf 90' lang='lat' dir='ltr'><strong>autem</strong></span> <span class='ocrx_word' id='word_1_109' title='bbox 1059 2039 1109 2104; x_wconf 90' lang='lat' dir='ltr'><strong>bis</strong></span> <span class='ocrx_word' id='word_1_110' title='bbox 1123 2039 1236 2103; x_wconf 91' lang='lat' dir='ltr'><strong>litteris</strong></span> <span class='ocrx_word' id='word_1_111' title='bbox 1255 2059 1386 2123; x_wconf 90' lang='lat' dir='ltr'><strong>operam</strong></span> 
     </span>
     <span class='ocr_line' id='line_1_15' title="bbox 230 2166 1385 2253; baseline -0.001 -20"><span class='ocrx_word' id='word_1_112' title='bbox 230 2168 320 2251; x_wconf 92' lang='lat' dir='ltr'><strong>dedi,</strong></span> <span class='ocrx_word' id='word_1_113' title='bbox 352 2188 390 2234; x_wconf 89' lang='lat' dir='ltr'><strong>eo</strong></span> <span class='ocrx_word' id='word_1_114' title='bbox 412 2169 516 2251; x_wconf 83' lang='lat' dir='ltr'><strong>magis</strong></span> <span class='ocrx_word' id='word_1_115' title='bbox 537 2168 679 2233; x_wconf 84' lang='lat' dir='ltr'><strong>intellexi</strong></span> <span class='ocrx_word' id='word_1_116' title='bbox 700 2169 863 2253; x_wconf 77' lang='lat' dir='ltr'><strong>copiosam</strong></span> <span class='ocrx_word' id='word_1_117' title='bbox 884 2187 978 2251; x_wconf 91' lang='lat' dir='ltr'><strong>qnam</strong></span> <span class='ocrx_word' id='word_1_118' title='bbox 1001 2167 1075 2232; x_wconf 87' lang='lat' dir='ltr'><strong>inde</strong></span> <span class='ocrx_word' id='word_1_119' title='bbox 1098 2166 1298 2250; x_wconf 81' lang='lat' dir='ltr'><strong>collegissem</strong></span> <span class='ocrx_word' id='word_1_120' title='bbox 1319 2186 1385 2232; x_wconf 90' lang='lat' dir='ltr'><strong>ma-</strong></span> 
     </span>
     <span class='ocr_line' id='line_1_16' title="bbox 228 2285 1385 2378; baseline 0 -17"><span class='ocrx_word' id='word_1_121' title='bbox 228 2296 340 2362; x_wconf 90' lang='lat' dir='ltr'><strong>teriam</strong></span> <span class='ocrx_word' id='word_1_122' title='bbox 374 2295 658 2361; x_wconf 77' lang='lat' dir='ltr'><strong>circumcidendam</strong></span> <span class='ocrx_word' id='word_1_123' title='bbox 692 2316 764 2362; x_wconf 91' lang='lat' dir='ltr'><strong>esse</strong></span> <span class='ocrx_word' id='word_1_124' title='bbox 797 2285 834 2361; x_wconf 90' lang='lat' dir='ltr'><strong>et</strong></span> <span class='ocrx_word' id='word_1_125' title='bbox 859 2296 892 2360; x_wconf 96' lang='lat' dir='ltr'><strong>in</strong></span> <span class='ocrx_word' id='word_1_126' title='bbox 925 2296 1068 2378; x_wconf 85' lang='lat' dir='ltr'><strong>singulas</strong></span> <span class='ocrx_word' id='word_1_127' title='bbox 1103 2296 1240 2360; x_wconf 85' lang='lat' dir='ltr'><strong>minores</strong></span> <span class='ocrx_word' id='word_1_128' title='bbox 1277 2301 1308 2361; x_wconf 94' lang='lat' dir='ltr'><strong>et</strong></span> <span class='ocrx_word' id='word_1_129' title='bbox 1345 2296 1385 2361; x_wconf 93' lang='lat' dir='ltr'><strong>ob</strong></span> 
     </span>
     <span class='ocr_line' id='line_1_17' title="bbox 229 2423 1386 2520; baseline -0.003 -30"><span class='ocrx_word' id='word_1_130' title='bbox 229 2425 262 2490; x_wconf 95' lang='lat' dir='ltr'><strong>id</strong></span> <span class='ocrx_word' id='word_1_131' title='bbox 293 2425 397 2509; x_wconf 88' lang='lat' dir='ltr'><strong>ipsum</strong></span> <span class='ocrx_word' id='word_1_132' title='bbox 430 2425 662 2490; x_wconf 88' lang='lat' dir='ltr'><strong>emendatiores</strong></span> <span class='ocrx_word' id='word_1_133' title='bbox 688 2430 797 2520; x_wconf 89' lang='lat' dir='ltr'><strong>partes</strong></span> <span class='ocrx_word' id='word_1_134' title='bbox 826 2423 1041 2490; x_wconf 87' lang='lat' dir='ltr'><strong>coartandam.</strong></span> <span class='ocrx_word' id='word_1_135' title='bbox 1092 2425 1213 2488; x_wconf 89' lang='lat' dir='ltr'><strong>Harum</strong></span> <span class='ocrx_word' id='word_1_136' title='bbox 1243 2423 1386 2507; x_wconf 87' lang='lat' dir='ltr'><strong>primam,</strong></span> 
     </span>
     <span class='ocr_line' id='line_1_18' title="bbox 230 2551 1387 2638; baseline -0.002 -20"><span class='ocrx_word' id='word_1_137' title='bbox 230 2551 336 2636; x_wconf 88' lang='lat' dir='ltr'><strong>quoad</strong></span> <span class='ocrx_word' id='word_1_138' title='bbox 368 2552 436 2618; x_wconf 91' lang='lat' dir='ltr'><strong>eius</strong></span> <span class='ocrx_word' id='word_1_139' title='bbox 467 2553 574 2620; x_wconf 83' lang='lat' dir='ltr'><strong>faeere</strong></span> <span class='ocrx_word' id='word_1_140' title='bbox 608 2574 758 2638; x_wconf 85' lang='lat' dir='ltr'><strong>possum,</strong></span> <span class='ocrx_word' id='word_1_141' title='bbox 790 2554 855 2617; x_wconf 94' lang='lat' dir='ltr'><strong>iam</strong></span> <span class='ocrx_word' id='word_1_142' title='bbox 888 2553 1066 2636; x_wconf 87' lang='lat' dir='ltr'><strong>prolaturus</strong></span> <span class='ocrx_word' id='word_1_143' title='bbox 1096 2572 1182 2632; x_wconf 85' lang='lat' dir='ltr'><strong>sum,</strong></span> <span class='ocrx_word' id='word_1_144' title='bbox 1217 2558 1387 2636; x_wconf 86' lang='lat' dir='ltr'><strong>postquam</strong></span> 
     </span>
     <span class='ocr_line' id='line_1_19' title="bbox 228 2681 1150 2766; baseline -0.001 -20"><span class='ocrx_word' id='word_1_145' title='bbox 228 2700 333 2765; x_wconf 87' lang='lat' dir='ltr'><strong>panea</strong></span> <span class='ocrx_word' id='word_1_146' title='bbox 353 2681 500 2766; x_wconf 86' lang='lat' dir='ltr'><strong>praedixi</strong></span> <span class='ocrx_word' id='word_1_147' title='bbox 522 2681 562 2746; x_wconf 92' lang='lat' dir='ltr'><strong>de</strong></span> <span class='ocrx_word' id='word_1_148' title='bbox 584 2682 728 2747; x_wconf 88' lang='lat' dir='ltr'><strong>oratione</strong></span> <span class='ocrx_word' id='word_1_149' title='bbox 749 2681 935 2746; x_wconf 85' lang='lat' dir='ltr'><strong>Tertulliani</strong></span> <span class='ocrx_word' id='word_1_150' title='bbox 956 2681 1150 2746; x_wconf 86' lang='lat' dir='ltr'><strong>universa</strong></span> 
     </span>
    </p>
   </div>
   <div class='ocr_carea' id='block_1_3' title="bbox 0 0 1554 4922">
    <p class='ocr_par' dir='ltr' id='par_1_5' title="bbox 0 0 1554 4922">
     <span class='ocr_line' id='line_1_20' title="bbox 0 0 1554 4922; baseline 0 2"><span class='ocrx_word' id='word_1_151' title='bbox 0 0 1554 4922; x_wconf 95' lang='lat' dir='ltr'><strong> </strong></span> 
     </span>
    </p>
   </div>
  </div>
 </body>
</html>
