3098 4922
637 264 902 344 ,μθ-

229 460 426 525 desertarum
446 458 612 541 regionum
633 458 831 524 sterilitatem
858 457 952 524 deuio
980 457 1091 523 itinere
1123 461 1295 522 avocentur
1322 454 1387 539 pri-

229 578 352 623 marum
374 558 624 624 Christianarum
652 558 827 623 litterarum
855 557 1003 639 studiosi,
1030 563 1064 622 ut
1088 557 1245 623 laetisime
1273 557 1387 621 floren·

229 659 307 724 tium
328 660 504 724 amoenitas
526 659 565 723 iis
587 665 747 741 occurrat,
779 679 849 724 curn
879 657 1033 741 singulari
1059 656 1206 722 fortunae
1232 655 1390 720 beneficio

229 757 413 841 contigerit,
447 764 481 823 ut
511 778 575 824 non
603 760 800 824 nascentium
832 778 871 823 ac
901 758 1093 822 minutarum
1123 756 1297 822 litterarum
1330 755 1388 820 sed

229 858 409 924 adultarum
430 860 521 940 quasi
544 864 575 924 et
600 859 812 943 perfectarum
844 858 983 943 speciem
1004 876 1082 941 prae
1105 856 1266 922 scierant
1294 855 1387 921 huius

229 958 395 1024 latinitatis
412 958 485 1043 ipsa
507 958 639 1041 initia,
660 958 694 1023 id
716 959 800 1041 quod
813 950 974 1022 Minucii
989 957 1138 1022 Felicis
1161 956 1317 1039 scriptura
1332 956 1387 1021 do·

230 1064 280 1125 cet
300 1065 396 1142 atque
419 1059 555 1136 Quinti
586 1059 776 1143 Septimii
804 1056 1009 1124 Florentis
1030 1057 1279 1122 Tertulliani
1303 1057 1386 1138 libri,

230 1179 309 1242 quos
332 1158 583 1224 Christianarum
604 1159 780 1224 litterarum
802 1157 986 1223 Latinarum
1013 1157 1110 1222 duces
1133 1163 1164 1222 et
1186 1175 1258 1222 esse
1280 1163 1311 1223 et
1332 1157 1387 1222 ha-

150 1322 158 1329 ,
228 1260 297 1325 beri
319 1264 452 1325 constat.

312 1358 526 1424 Persorutanti
553 1364 658 1423 antem
689 1357 865 1442 primordia
892 1357 1076 1422 Latinarum
1109 1357 1283 1422 litterarum
1311 1357 1387 1422 eccl.

232 1459 383 1526 divinitus
406 1458 639 1541 quodammodo
665 1459 700 1523 id
729 1459 848 1523 factum
869 1457 947 1522 mihi
972 1457 1095 1523 videtur
1122 1476 1210 1538 esse,
1244 1456 1328 1540 quod
1356 1457 1388 1520 in

229 1561 301 1646 ipso
313 1560 426 1624 harum
437 1557 565 1623 introitu
582 1558 782 1624 causidici
797 1557 860 1623 duo
873 1557 1033 1623 constituti
1046 1563 1118 1622 sunt
1130 1556 1187 1641 illi,
1201 1577 1280 1640 quos
1292 1558 1388 1623 modo

230 1658 376 1741 diximus,
394 1658 457 1741 qui,
470 1677 537 1743 ¹qno
551 1658 677 1724 diverso
691 1665 781 1723 erant
793 1659 922 1742 ingenio
934 1657 1055 1741 imbuti,
1079 1658 1238 1724 diuersam
1253 1658 1390 1723 inierunt

233 1759 389 1825 rationem
411 1750 527 1824 causae
550 1758 750 1824 Christianae
772 1758 918 1841 agendae
941 1764 973 1823 ct
993 1758 1203 1842 apologeticis
1224 1757 1313 1822 libris
1335 1757 1389 1822 de·

230 1858 419 1941 tendendae,
436 1859 525 1942 alter,
542 1858 707 1941 Minucius,
720 1859 867 1924 diationis
881 1857 1010 1946 placido
1027 1857 1250 1940 aequabilique
1261 1856 1389 1922 flumine

230 1959 405 2041 eodemque
419 1959 634 2024 emendatiore
648 1965 680 2023 et
697 1958 902 2041 elegantiore,
918 1959 1007 2038 alter,
1022 1957 1245 2033 Tertullianus,
1262 1955 1390 2021 dicendi

229 2078 347 2142 genere
360 2059 607 2125 concitatissimo
621 2064 703 2124 etex
715 2059 836 2141 ingenii
851 2058 899 2123 sui
912 2058 1035 2123 luxurie
1048 2057 1179 2122 nimium
1193 2062 1389 2140 exaggerato

229 2164 324 2242 atque
347 2180 367 2223 a
389 2165 494 2224 vetere
515 2159 671 2225 latinitate
694 2157 939 2241 quammaxime
952 2165 1081 2239 remoto,
1105 2158 1159 2222 ille
1175 2157 1208 2221 in
1221 2155 1389 2221 scribendo

230 2259 449 2324 auctoritatem
471 2259 682 2324 Romanorum
704 2257 975 2343 philosophorum,
999 2257 1161 2323 Ciceronis
1183 2263 1214 2321 et
1235 2257 1388 2338 Senecae,

230 2365 367 2441 secutus,
380 2358 432 2425 hic
444 2359 579 2441 tustino,
590 2359 734 2442 Irenaeo,
748 2359 820 2424 aliis
833 2357 1010 2442 peregrinis
1024 2358 1078 2444 (ci.
1091 2357 1172 2422 Adv.
1184 2357 1342 2421 Valentin.
1354 2358 1387 2439 d)

232 2459 365 2525 ducibus
387 2479 474 2525 usus.
508 2459 573 2524 Sed
595 2459 629 2523 in
650 2460 712 2524 hac
734 2460 907 2524 studiorum
926 2458 1110 2523 diversitate
1132 2458 1165 2521 in
1187 2457 1249 2522 hoc
1262 2456 1388 2539 quidem

229 2560 312 2626 inter
334 2580 369 2626 se
392 2566 576 2643 congruunt,
600 2559 685 2642 quod
698 2578 840 2643 campus,
861 2557 946 2623 unde
968 2556 1145 2623 excucurrit
1164 2557 1325 2639 utriusque
1341 2555 1388 2620 di·

230 2659 324 2726 cendi
351 2659 464 2741 virtus,
500 2659 699 2741 „divinarum
727 2654 998 2740 humanarumque
1026 2677 1131 2723 rerum
1153 2656 1281 2739 notitia,
1315 2656 1389 2720 iusti

230 2767 327 2842 atque
349 2759 457 2824 iniusti
479 2759 648 2842 scientia“,
671 2759 772 2824 iuris
800 2757 1018 2842 prudentia
1045 2758 1100 2840 (cf.
1124 2757 1198 2840 Dig.
1222 2759 1256 2835 1,
1278 2760 1312 2835 1,
1335 2757 1387 2838 10)

230 2859 298 2943 fuit,
320 2860 404 2924 unde
424 2860 560 2944 proiecti
582 2858 871 2924 ecclesiasticarum
891 2858 1065 2924 litterarum
1079 2857 1263 2923 Latinarum
1275 2875 1388 2940 parcn-

229 2966 278 3025 tes
299 2959 377 3024 facti
398 2967 472 3024 sunt
493 2979 532 3025 ac
554 2959 743 3026 conditores.

313 3060 362 3123 lix
384 3059 496 3124 horum
516 3059 678 3142 utriusque
700 3058 910 3143 apologeticis
932 3056 1023 3123 libris
1044 3064 1115 3122 uter
1135 3062 1240 3121 aetate
1263 3061 1389 3121 antece·

230 3160 328 3242 deret,
349 3160 414 3225 iam
436 3160 520 3244 apud
538 3159 694 3226 ecclesiae
715 3160 837 3242 Patres,
859 3160 1087 3242 Hieronymum
1108 3155 1255 3240 (Minucii
1275 3155 1389 3220 librum

229 3265 473 3345 postponentem
495 3261 528 3324 in
549 3260 630 3325 libro
653 3279 746 3347 quem
769 3260 896 3345 scripsit
918 3259 978 3341 „de
999 3256 1076 3323 viris
1098 3256 1248 3335 illustrr‘)
1266 3254 1388 3320 ctLac-

230 3361 362 3425 tantium
387 3361 653 3449 (praeponentem
674 3359 762 3425 illum
784 3361 817 3425 in
838 3358 1002 3443 „Instit.“)
1024 3358 1057 3421 in
1079 3356 1296 3423 controversia
1320 3354 1389 3435 fuit,

231 3480 313 3543 quae
334 3460 399 3524 iam
420 3459 578 3543 dirempta
598 3459 676 3523 mihi
698 3459 822 3524 videtur
844 3479 915 3525 esse
936 3459 974 3522 A.
995 3457 1104 3522 liberti
1126 3475 1241 3540 opera,
1269 3455 1389 3521 sodalis

230 3559 393 3625 societatis
411 3559 586 3625 litterarum
600 3557 791 3641 Saxonicae,
814 3560 867 3641 qni
880 3559 936 3624 illo
951 3558 1060 3624 libello
1077 3556 1218 3639 egregio,
1241 3574 1335 3638 quem
1350 3555 1390 3620 de

231 3657 465 3724 necessitudine
487 3658 624 3723 Minucio
657 3678 726 3723 curn
750 3658 946 3724 Tertulliano
969 3656 1176 3722 intercedenti
1203 3655 1391 3738 conscripsit

231 3758 332 3843 (Lips.
355 3758 469 3843 1868),
502 3757 634 3823 Minucii
664 3758 746 3824 libro
777 3761 994 3843 „prioratum“
1026 3756 1221 3822 adiudicavit
1252 3755 1389 3821 dilucido

231 3859 371 3942 probans
391 3858 523 3924 Tertull.
545 3858 577 3922 in
599 3858 810 3942 Apologetico
832 3877 890 3923 suo
911 3859 999 3923 illum
1022 3877 1095 3923 esse
1117 3863 1268 3923 secutum.

312 3957 380 4023 Etsi
402 3958 499 4041 igitur
511 3957 666 4023 Minucius
688 3965 816 4042 praeter
831 3957 952 4040 dialogi
974 3958 1022 4021 sui
1043 3963 1085 4034 nt,
1097 3957 1144 4023 ita
1164 3957 1269 4023 dicam
1286 3942 1389 4039 „prio-

229 4061 355 4123 ratum“
376 4064 507 4142 propter
528 4057 745 4141 dispositionis
767 4057 965 4140 diligentiam
987 4062 1018 4122 et
1040 4058 1214 4141 incorrupti
1236 4056 1389 4122 sermonis

230 4158 444 4240 integritatem
466 4157 509 4221 ad
531 4159 669 4241 optimae
685 4158 851 4223 latinitatis
870 4156 996 4222 dicendi
1015 4156 1274 4222 consuetudinem
1290 4176 1389 4240 prope

231 4257 658 4343 accedentemprinoipatum
674 4258 830 4341 quendam
845 4257 975 4339 obtinet,
993 4262 1099 4323 tamen
1111 4256 1251 4342 palmam
1264 4255 1390 4322 deferre
